"","time","lst","best_bid","best_ask","best_bid_size","best_ask_size","total_bid_depth","total_ask_depth","volume"
"1",2017-11-08 02:49:18,812432,812435,812641,0.0771,0.01,12769.97612124,9786.54467479,247389.46687487
"2",2017-11-08 02:49:19,812432,812436,812641,0.0587,0.01,12775.3477227,9784.96667504,247368.84218961
"3",2017-11-08 02:49:20,812500,812428,812784,0.598,1.2565,12761.97802099,9781.31317653,247375.22613961
"4",2017-11-08 02:49:21,812500,812429,812783,0.0986,0.5,12752.48762099,9786.41617629,247374.36323961
"5",2017-11-08 02:49:22,812500,812428,812782,0.598,1.2646,12750.85452099,9795.36177678,247374.25523961
"6",2017-11-08 02:49:23,812500,812428,812782,0.438,1.3846,12747.49046269,9794.25177678,247373.18853294
"7",2017-11-08 02:49:24,812500,812428,812781,0.438,1.002,12753.35346269,9795.32477678,247372.68150194
"8",2017-11-08 02:49:25,812500,812429,812780,0.378,1.4943,12754.92226367,9795.45927678,247371.45817961
"9",2017-11-08 02:49:26,812428,812428,812776,0.338,0.005,12765.18956318,9793.66200137,247371.91506334
"10",2017-11-08 02:49:27,812427,812428,812776,0.4,0.005,12775.98956367,9790.04570013,247371.10506334
"11",2017-11-08 02:49:28,812428,812428,812776,0.397,0.005,12771.46626441,9793.33240063,247367.83829667
"12",2017-11-08 02:49:29,812428,812428,812776,0.5,1,12777.68926514,9781.31740038,247368.33949667
"13",2017-11-08 02:49:30,812428,812428,812775,0.02,0.5,12777.28926514,9792.67340063,247368.81352633
"14",2017-11-08 02:49:31,812000,811989,812000,0.012808,12.70564651,12768.98491165,9804.77704534,247376.10682982
"15",2017-11-08 02:49:32,812000,811989,812000,0.012808,12.70564651,12760.15541116,9803.95180309,247376.09080016
"16",2017-11-08 02:49:33,812000,811989,812000,0.012808,12.70364651,12760.14541116,9803.41980309,247376.07670016
"17",2017-11-08 02:49:34,811980,811980,811981,9.43336221,1.3803,12759.34543614,9803.46480357,247378.18051699
"18",2017-11-08 02:49:35,811981,811980,811981,8.42136221,1.1003,12757.53243614,9807.75680456,247354.37251699
"19",2017-11-08 02:49:36,811980,811981,811999,0.41,0.44110646,12683.59213589,9806.96094978,247353.14405101
"20",2017-11-08 02:49:37,811995,811981,811995,2.81000073,0.00320004,12688.41213662,9803.24414908,247307.32604909
"21",2017-11-08 02:49:38,811999,811981,811999,2.40000073,0.0923065,12680.74413589,9803.97315065,247307.51604909
"22",2017-11-08 02:49:39,811981,811981,811999,1.91900073,0.0923065,12683.88313515,9811.5071514,247308.03344909
"23",2017-11-08 02:49:40,811981,811981,812000,1.63900073,12.19595301,12684.79957265,9819.2991514,247304.87735417
"24",2017-11-08 02:49:41,811981,811981,811994,1.63900073,0.005,12675.39957241,9826.7021514,247302.43095963
"25",2017-11-08 02:49:42,811980,811981,811994,0.22055323,0.005,12684.54942565,9833.29814968,247303.18318617
"26",2017-11-08 02:49:43,811994,811982,811994,0.41,0.00350123,12684.04503966,9836.73164857,247305.08776328
"27",2017-11-08 02:49:44,811980,811980,812000,5.75961544,11.69745424,12678.8214868,9837.54464783,247308.87187053
"28",2017-11-08 02:49:45,811980,811980,812000,5.75961544,12.69745424,12678.8214868,9840.16184652,247310.46610517
"29",2017-11-08 02:49:46,812000,811980,812000,5.75961544,12.49745424,12671.05888606,9823.96284652,247310.85711557
"30",2017-11-08 02:49:47,812000,811980,812000,5.75961544,12.50245424,12679.45888655,9811.46084682,247310.81706557
"31",2017-11-08 02:49:48,811980,811980,812000,5.4499143,12.22065498,12685.14918565,9804.26604904,247310.79876611
"32",2017-11-08 02:49:49,811980,811980,811999,4.9499143,0.22055323,12680.74918688,9800.81460202,247307.45334683
"33",2017-11-08 02:49:50,811800,811800,811999,31.3876892,0.22055323,12679.26918663,9801.61460301,247312.53844683
"34",2017-11-08 02:49:51,811800,811801,811957,0.28,0.03,12674.73818639,9801.64560427,247301.88844587
"35",2017-11-08 02:49:52,811800,811800,811957,31.1776892,0.028,12663.7175859,9790.40530204,247298.72184395
"36",2017-11-08 02:49:53,811800,811800,811957,31.1776892,0.028,12664.2305859,9795.65730254,247291.05289416
"37",2017-11-08 02:49:54,811800,811800,811957,21.1786892,0.028,12657.70858589,9794.73970452,247295.0653189
"38",2017-11-08 02:49:55,811800,811800,811957,20.4188892,0.028,12657.29158589,9795.46900482,247293.91731913
"39",2017-11-08 02:49:56,811800,811801,811957,0.36255323,0.028,12667.35033961,9806.26900606,247289.35315381
"40",2017-11-08 02:49:57,811800,811800,811998,10.63944243,0.428,12657.10833961,9804.76900606,247298.69765381
"41",2017-11-08 02:49:58,811800,811801,811998,0.314,0.428,12657.42233961,9799.11500531,247295.52707139
"42",2017-11-08 02:49:59,811800,811801,811980,0.314,3,12654.6683401,9808.31500556,247294.45600139
"43",2017-11-08 02:50:00,811980,811801,811979,1.172,1.02800074,12656.04443886,9808.30500432,247294.50500139
"44",2017-11-08 02:50:01,811800,811800,811979,7.51954119,0.60000074,12654.65343886,9798.27500153,247295.92170139
"45",2017-11-08 02:50:02,811800,811802,811929,0.071,0.05,12678.19097221,9816.6534555,247275.92170139
"46",2017-11-08 02:50:03,811978,811800,811978,1.06709876,0.0493071,12679.09987294,9813.86355688,247270.46422305
"47",2017-11-08 02:50:04,811977,811800,811977,1.06709876,0.598,12678.69987294,9812.06155663,247270.63017379
"48",2017-11-08 02:50:05,811977,811801,811977,0.352,0.598,12679.06294915,9817.99001837,247271.41439881
"49",2017-11-08 02:50:06,811977,811801,811978,0.352,0.0493071,12679.04294915,9817.64001837,247272.60367125
"50",2017-11-08 02:50:07,811977,811877,811978,0.002,0.0493071,12679.05494842,9815.39821837,247270.68325268
"51",2017-11-08 02:50:08,811799,811799,811978,0.02109876,0.0493071,12671.8487962,9837.69121887,247260.43432268
"52",2017-11-08 02:50:09,811799,811799,811978,0.02109876,0.0493071,12662.69779547,9811.39751887,247257.04562711
"53",2017-11-08 02:50:10,811979,811900,811979,0.001,0.0473071,12671.40434943,9869.07221763,247256.7823091
"54",2017-11-08 02:50:11,811979,811900,811910,0.001,0.001,12677.64834943,9872.12521887,247257.6823091
"55",2017-11-08 02:50:12,811900,811810,811811,0.2006929,0.001,12660.0480416,9880.92621837,247257.6822391
"56",2017-11-08 02:50:13,811979,811810,811979,0.2006929,0.3013071,12664.85804233,9869.81156394,247253.62875445
"57",2017-11-08 02:50:14,811809,811978,811979,0.00179936,0.3013071,12650.5648412,9859.91156271,247255.59980445
"58",2017-11-08 02:50:15,811980,811978,811980,0.00179936,1.2513071,12648.3338412,9858.09556271,247257.59480445
"59",2017-11-08 02:50:16,811980,811978,811980,0.00179936,1.2513071,12645.87508733,9857.10956271,247256.59480445
"60",2017-11-08 02:50:17,811811,811811,811980,0.24104549,1.2513071,12644.70808709,9857.13856421,247254.64780445
"61",2017-11-08 02:50:18,811809,811809,811980,0.46873839,1.2503071,12648.43408733,9857.80956322,247255.42893829
"62",2017-11-08 02:50:19,811809,811809,811980,0.46873839,1.2503071,12660.78808782,9853.61056346,247247.22902294
"63",2017-11-08 02:50:20,811809,811809,811980,0.46873839,1.2503071,12660.09908782,9862.2105642,247246.43522328
"64",2017-11-08 02:50:21,811809,811809,811980,0.46873839,1.2503071,12659.49908733,9862.5105642,247246.42522328
"65",2017-11-08 02:50:22,811980,811980,812000,1.3496929,1.305,12663.22901997,9861.10825735,247247.67448038
"66",2017-11-08 02:50:23,811980,811980,812000,0.74969191,1.305,12668.42475218,9858.75925486,247246.26448137
"67",2017-11-08 02:50:24,811980,811981,812000,0.3013071,1.305,12659.15173903,9859.85925511,247239.35644553
"68",2017-11-08 02:50:25,811980,811981,812000,0.3013071,1.305,12651.24573903,9869.8866566,247239.35644553
"69",2017-11-08 02:50:26,811980,811981,812000,0.3013071,1.305,12651.18313708,9865.1166561,247239.35644553
"70",2017-11-08 02:50:27,811981,811981,812000,0.0813071,1.305,12658.69293732,9851.10375387,247236.48241137
"71",2017-11-08 02:50:28,811981,811981,811999,0.0813071,1.20000025,12656.62983732,9854.79205585,247234.47053537
"72",2017-11-08 02:50:29,811981,811981,812000,0.1306142,1.305,12656.23040603,9855.39105629,247234.41930155
"73",2017-11-08 02:50:30,812000,811999,812000,0.5,0.905,12665.48740627,9858.76205853,247225.36299355
"74",2017-11-08 02:50:31,812008,812008,812010,2.1763071,0.001,12671.94021313,9855.64355878,247223.92999331
"75",2017-11-08 02:50:32,812008,812008,812010,2.1763071,0.001,12673.49521313,9856.31486514,247220.1996893
"76",2017-11-08 02:50:33,812008,812008,812010,2.1763071,0.001,12663.90721264,9858.8018642,247219.5986893
"77",2017-11-08 02:50:34,812008,812000,812010,0.25,0.001,12661.96590554,9850.57946297,247219.10096045
"78",2017-11-08 02:50:35,812010,812070,812277,0.009,0.002,12661.72535231,9861.87086371,247215.90090973
"79",2017-11-08 02:50:36,811799,811799,812148,4.81420398,0.01,12659.96175594,9857.51915587,247216.80100972
"80",2017-11-08 02:50:37,811980,811799,811979,4.81420398,0.6,12659.96175594,9880.37246371,247218.18920972
"81",2017-11-08 02:50:38,811980,811800,811979,0.4137,0.6,12430.97630332,9896.04736272,247217.88920972
"82",2017-11-08 02:50:39,811980,811880,811979,0.002,0.6813071,12433.37830406,9901.37736272,247215.88813972
"83",2017-11-08 02:50:40,811880,811799,811814,4.81420398,0.001,12433.17630406,9910.70745562,247215.86013972
"84",2017-11-08 02:50:41,811977,811799,811977,4.81420398,0.62176945,12433.18230406,9917.70762507,247215.86067737
"85",2017-11-08 02:50:42,811799,811804,811977,0.005,0.62176945,12435.78830651,9945.14562754,247216.79791141
"86",2017-11-08 02:50:43,811977,811804,811977,0.004,0.22176945,12435.18730602,9914.11162581,247215.99891045
"87",2017-11-08 02:50:44,811799,811799,811977,3.81520348,0.22176945,12454.68330748,9894.33062605,247202.59068217
"88",2017-11-08 02:50:45,811799,811799,811977,3.81520348,0.22176945,12454.68330748,9879.1266263,247202.13668217
"89",2017-11-08 02:50:46,811799,811799,811977,2.01520249,0.22176945,12439.00330527,9870.24362655,247203.8268835
"90",2017-11-08 02:50:47,811799,811804,811980,0.005,4.79436995,12458.18830477,9866.64922581,247207.13368424
"91",2017-11-08 02:50:48,811799,811799,811863,0.82020101,0.01,12457.37690064,9866.31062532,247206.9227649
"92",2017-11-08 02:50:49,811799,811799,811863,0.22020027,0.01,12455.19730182,9866.61062532,247207.06956564
"93",2017-11-08 02:50:50,811735,811671,811735,0.05,0.27579973,12453.88810204,9869.28642579,247201.40973841
"94",2017-11-08 02:50:51,811800,811800,811863,0.32320027,0.01,12438.02596333,9870.42922606,247201.48553814
"95",2017-11-08 02:50:52,811800,811671,811730,0.05,0.005,12441.68276232,9866.28662636,247200.17873793
"96",2017-11-08 02:50:53,811800,811671,811730,0.05,0.005,12440.14376158,9871.89712735,247191.47433644
"97",2017-11-08 02:50:54,811659,811619,811646,0.009,0.1681805,12410.72094158,9869.52080785,247187.93816515
"98",2017-11-08 02:50:55,811609,811609,811668,0.50899975,0.78282,12412.90053794,9871.68564735,247188.5381654
"99",2017-11-08 02:50:56,811668,811611,811668,0.5,0.77982,12414.02033794,9872.44194844,247188.5234954
"100",2017-11-08 02:50:57,811668,811611,811668,0.5,0.77802064,12414.73653892,9878.24014982,247188.82424404
"101",2017-11-08 02:50:58,811668,811611,811668,0.5,0.57802064,12419.52253917,9867.87874858,247194.57374409
"102",2017-11-08 02:50:59,811585,811585,811667,2.52899975,0.2,12391.44753892,9876.70064933,247196.62438531
"103",2017-11-08 02:51:00,811585,811585,811667,2.31899975,0.2,12393.66154004,9878.29874933,247196.23438531
"104",2017-11-08 02:51:01,811585,811585,811666,2.31899975,0.06,12395.87564004,9876.61884933,247196.23231531
"105",2017-11-08 02:51:02,811976,811668,811977,0.4108,1,12397.74043906,9864.58272572,247197.23531531
"106",2017-11-08 02:51:03,812538,811586,812538,0.3108,13.69957037,12414.09583906,9862.9101272,247207.43531531
"107",2017-11-08 02:51:08,811703,811703,812450,0.2,0.02,12409.13093283,9869.3054575,247205.75539531
"108",2017-11-08 02:51:09,811703,811703,812450,0.2,0.02,12409.13093283,9869.0054575,247205.75539531
"109",2017-11-08 02:51:10,811703,811799,812450,1.25,0.02,12411.61478532,9869.0495575,247205.75539531
"110",2017-11-08 02:51:11,811703,811799,812450,1.25,0.02,12416.95358556,9865.06995701,247205.75434531
"111",2017-11-08 02:51:12,811703,811800,812450,0.5187,0.02,12414.2964863,9865.23995701,247195.25439506
"112",2017-11-08 02:51:13,811703,811800,812449,6.5187,0.78,12413.1594863,9858.76364843,247192.1795252
"113",2017-11-08 02:51:14,811703,811801,812449,0.9924,0.5,12416.76818703,9846.05324843,247192.1795252
"114",2017-11-08 02:51:15,811585,811586,812050,0.60000049,0.02,12499.62518654,9805.10315043,247193.6770252
"115",2017-11-08 02:51:16,812050,811799,812050,0.02,0.01820044,12502.84518703,9783.10025216,247193.67882476
"116",2017-11-08 02:51:17,812137,811799,811963,0.02,1.25,12538.39518654,9791.87035166,247194.77882476
"117",2017-11-08 02:51:18,811963,812008,812050,8.75,0.01,12587.41508727,9750.04885141,247193.01882476
"118",2017-11-08 02:51:19,812008,812008,812050,8.15,0.007,12575.74818654,9726.86595165,247193.22282476
"119",2017-11-08 02:51:20,812008,812009,812050,0.6,0.007,12573.24990242,9727.96595215,247193.22282476
"120",2017-11-08 02:51:21,812008,812009,812050,0.6,0.007,12575.72671941,9730.71575215,247190.94782476
"121",2017-11-08 02:51:22,812050,812054,812137,0.003,0.44020044,12573.43771941,9730.5807524,247190.52000476
"122",2017-11-08 02:51:23,812050,812054,812137,0.003,0.44020044,12571.3455432,9737.68835314,247190.52000476
"123",2017-11-08 02:51:24,812450,812054,812439,0.001,1.20000025,12576.18454344,9731.5856939,247194.65195043
"124",2017-11-08 02:51:25,812009,812009,812438,0.5412,1.7200005,12566.74188983,9732.769694,247194.53415107
"125",2017-11-08 02:51:26,812009,812010,812200,1.0169,0.5,12568.28878983,9733.549694,247191.60315107
"126",2017-11-08 02:51:27,812200,812011,812200,0.5412,0.49820044,12568.79998983,9733.92889499,247191.49590063
"127",2017-11-08 02:51:28,812200,812200,812438,0.00179956,1.80000075,12565.04738964,9734.88619455,247191.99410107
"128",2017-11-08 02:51:29,812438,812012,812438,0.7665,1.75900075,12563.79139008,9730.73469375,247192.03403107
"129",2017-11-08 02:51:30,812438,812013,812167,0.6,0.003,12575.10099057,9736.11469399,247191.71103107
"130",2017-11-08 02:51:31,812437,812013,812437,0.6,0.493,12574.22783237,9735.21869473,247191.45822799
"131",2017-11-08 02:51:32,812437,812326,812437,0.05,0.493,12570.82663164,9734.55769473,247190.79622799
"132",2017-11-08 02:51:33,812437,812326,812437,0.05,0.462,12576.44663164,9737.73969473,247190.15546688
"133",2017-11-08 02:51:34,812437,812326,812449,0.05,0.60000074,12580.97463164,9746.78369374,247189.20546688
"134",2017-11-08 02:51:35,812449,812326,812449,0.05,0.55900074,12581.65463164,9752.16369424,247188.69384688
"135",2017-11-08 02:51:36,812013,812015,812362,0.6736,0.507,12581.78173164,9752.89069325,247187.99384616
"136",2017-11-08 02:51:37,812462,812039,812461,0.01,0.6000005,12582.98173164,9758.38669769,247192.99384616
"137",2017-11-08 02:51:38,812756,812039,812434,0.01,0.28,12583.05173164,9738.77469695,247199.69684544
"138",2017-11-08 02:51:39,812756,812398,812434,0.011,0.28,12567.76581489,9723.79199845,247196.9441441
"139",2017-11-08 02:51:40,812756,812398,812756,0.011,0.81290134,12578.87003164,9717.91699919,247196.8741441
"140",2017-11-08 02:51:41,812756,812398,812756,0.011,1.39290184,12576.93003091,9713.20900019,247197.2314741
"141",2017-11-08 02:51:42,812756,812434,812755,0.28,0.25,12550.05263066,9708.22609984,247196.5314741
"142",2017-11-08 02:51:43,812756,812412,812755,0.211,0.5,12560.00263066,9709.30539607,247146.9314741
"143",2017-11-08 02:51:44,812331,812331,812449,0.0816,3,12557.2796021,9701.50639658,247142.6584668
"144",2017-11-08 02:51:45,812014,812435,812449,0.196,3,12566.63440258,9712.58639831,247136.5234668
"145",2017-11-08 02:51:46,812014,812014,812449,1.57060097,3,12561.04940234,9712.61639831,247136.5044168
"146",2017-11-08 02:51:47,812449,812257,812362,0.01,0.469,12558.96780234,9713.82539831,247096.5144168
"147",2017-11-08 02:51:48,812449,812257,812362,0.01,0.469,12558.99520234,9712.59719861,247092.6244968
"148",2017-11-08 02:51:49,812449,812257,812362,0.01,0.469,12548.42940234,9713.33419861,247091.40143728
"149",2017-11-08 02:51:50,812362,812434,812435,0.031,0.01,12558.99760336,9703.20519811,247088.70743703
"150",2017-11-08 02:51:51,812362,812434,812435,0.031,0.01,12557.87651641,9713.69269885,247086.48323217
"151",2017-11-08 02:51:52,812446,812398,812446,0.531,0.3588,12561.88651714,9713.01469885,247087.36803703
"152",2017-11-08 02:51:53,812446,812398,812444,0.531,0.28,12562.77601714,9712.03219885,247080.86113655
"153",2017-11-08 02:51:54,812449,812439,812449,0.005,1.6188,12553.20101665,9709.75219885,247082.70113655
"154",2017-11-08 02:51:55,812449,812490,812585,0.1,1.32660025,12562.1770167,9696.91899613,247086.62041499
"155",2017-11-08 02:51:56,812757,812490,812756,0.1,0.60000173,12558.93701621,9691.50899687,247087.52936499
"156",2017-11-08 02:51:57,812757,812490,812755,0.1,0.6,12559.19691645,9691.91969761,247088.61076441
"157",2017-11-08 02:51:58,812757,812495,812757,0.005,0.80660198,12552.46851548,9692.15169786,247088.96398841
"158",2017-11-08 02:51:59,812490,812490,812756,0.0245,0.6,12552.24351548,9701.24769835,247083.93058441
"159",2017-11-08 02:52:01,812919,812756,813048,0.1852,1.2000005,12541.80418011,9673.20456153,247074.42098517
"160",2017-11-08 02:52:02,812756,812957,812959,0.05,0.01,12549.50818011,9673.33236178,247074.17293517
"161",2017-11-08 02:52:03,812756,812957,812959,0.05,0.01,12557.59446702,9675.95136077,247068.22393517
"162",2017-11-08 02:52:04,812451,812562,812959,0.0104,0.01,12549.28195349,9676.44456203,247066.60286517
"163",2017-11-08 02:52:05,813048,812562,813048,0.0104,1.2700005,12553.07175447,9677.28336277,247066.5013657
"164",2017-11-08 02:52:06,813048,812562,812757,0.0104,0.2,12564.60275496,9678.79596277,247056.56456517
"165",2017-11-08 02:52:07,812757,812513,812757,0.0545,0.19,12607.5114552,9674.96696277,247053.16421517
"166",2017-11-08 02:52:08,812757,812513,812757,0.0545,0.19,12627.8794552,9669.90136178,247048.16421517
"167",2017-11-08 02:52:09,812757,812660,812757,0.01,0.19,12629.94765569,9672.67586227,247048.29921517
"168",2017-11-08 02:52:10,812757,812660,812757,0.01,0.1162,12632.95615569,9672.94206227,247048.21301517
"169",2017-11-08 02:52:11,812757,812733,812757,0.01,0.1062,12626.32833943,9671.16256227,247044.62301517
"170",2017-11-08 02:52:12,812562,812563,812757,0.3,0.1062,12629.08265569,9671.18806227,247043.02094517
"171",2017-11-08 02:52:13,812562,812563,812757,1.0885,0.1062,12634.21315447,9666.08806128,247041.48669517
"172",2017-11-08 02:52:14,812562,812564,812757,0.28,0.1062,12636.56506682,9665.98706098,247041.48669517
"173",2017-11-08 02:52:15,812562,812564,812757,0.28,0.1062,12636.53506682,9668.18706123,247039.48419517
"174",2017-11-08 02:52:16,813050,813050,813134,3.3823,0.03,12630.85236609,9666.56936123,247039.41612517
"175",2017-11-08 02:52:17,813050,813050,813134,3.3823,0.03,12640.45336692,9666.56936123,247035.91612517
"176",2017-11-08 02:52:18,813140,813050,813140,3.0823,0.28,12571.5445509,9666.46936123,247030.80712517
"177",2017-11-08 02:52:19,813050,813050,813140,2.3823,0.28,12575.59235207,9670.07936197,247023.54332517
"178",2017-11-08 02:52:20,813268,813250,813268,1.48,0.073,12568.72288951,9657.28696049,247027.06452571
"179",2017-11-08 02:52:21,813250,813250,813267,1.45350063,5,12578.23109038,9670.22996123,247026.58997508
"180",2017-11-08 02:52:22,813250,813250,813267,1.45350063,5,12568.27939014,9749.39196123,247025.94690508
"181",2017-11-08 02:52:23,813250,813250,813267,1.45350063,5,12587.10688965,9782.42816246,247023.83997508
"182",2017-11-08 02:52:24,813250,813250,813267,1.23350063,4.8,12546.06188916,9829.97826246,247015.15387508
"183",2017-11-08 02:52:25,813267,813250,813267,1.23350063,2.8,12441.47958916,9843.91826271,247016.64287508
"184",2017-11-08 02:52:26,813267,813250,813267,1.23350063,2.789,12400.18638892,9838.92726296,247015.35387508
"185",2017-11-08 02:52:27,813267,813250,813267,1.23350063,1.789,12396.04096403,9838.5272637,247016.35387508
"186",2017-11-08 02:52:28,813364,813364,813400,0.1903,0.8,12409.16768965,9817.78206148,247015.08357508
"187",2017-11-08 02:52:29,813364,813364,813398,0.6903,1.4,12404.81558867,9826.1338637,247014.58357508
"188",2017-11-08 02:52:30,813569,813400,813569,5,0.53380099,12404.11348868,9825.6968632,247019.58167611
"189",2017-11-08 02:52:31,813400,813400,813569,4.79,0.50180099,12423.05448966,9838.07086542,247019.32167611
"190",2017-11-08 02:52:32,813400,813400,813584,4.79,0.096,12423.02779015,9842.27766468,247014.94302611
"191",2017-11-08 02:52:33,813938,813401,813938,0.6,0.6719517,12423.7224029,9786.68185375,247015.45976482
"192",2017-11-08 02:52:34,813939,813670,813939,0.8095,4.68900272,12419.24743729,9821.36103928,247004.86466482
"193",2017-11-08 02:52:35,813940,813507,813940,0.51,9.65900272,12415.99403827,9842.35004002,247007.35174482
"194",2017-11-08 02:52:36,813940,813507,813940,0.51,5.0353113,12413.48003729,9846.8272491,247005.06933772
"195",2017-11-08 02:52:37,813939,813508,813939,0.3546,0.104,12423.29152548,9840.69755006,247011.51553772
"196",2017-11-08 02:52:38,814080,813509,814080,1.2,0.93431204,12417.98091205,9830.92585056,247014.01553772
"197",2017-11-08 02:52:39,814130,813509,814130,2.1557,7.21330074,12406.07601058,9814.85053951,247030.51553772
"198",2017-11-08 02:52:40,814079,813507,814079,0.51,0.595,12412.04408691,9812.72354025,247029.01678772
"199",2017-11-08 02:52:41,813510,813510,813998,0.9257,4.80000074,12407.5883118,9815.59344099,247029.91978772
"200",2017-11-08 02:52:42,813508,813508,814050,0.4657,0.02,12406.5883118,9813.21644025,247030.91978772
"201",2017-11-08 02:52:43,813508,813508,814130,0.9718,4.36530074,12406.49561185,9811.50814025,247033.41368701
"202",2017-11-08 02:52:44,813508,813600,814130,0.5,4.36530074,12415.3684116,9810.93533828,247026.30651701
"203",2017-11-08 02:52:45,813600,813600,814129,0.29,0.31,12405.95471185,9813.83133902,247020.81651653
"204",2017-11-08 02:52:46,813600,814000,814129,1,1.5158,12409.35471234,9811.43133926,247019.85651629
"205",2017-11-08 02:52:47,814000,814000,814130,0.5,4.36530074,12399.75518745,9808.25553926,247010.40217879
"206",2017-11-08 02:52:48,814000,814000,814128,0.498,0.44,12392.90118686,9808.69553926,246988.70312879
"207",2017-11-08 02:52:49,814000,814000,814128,0.49320026,0.44,12399.71538761,9809.26823852,246985.82612853
"208",2017-11-08 02:52:50,814000,814001,814129,0.4752,0.49,12400.66968761,9809.98553902,246982.81272853
"209",2017-11-08 02:52:51,814129,814001,814129,0.6,0.34,12397.71378761,9811.70923858,246981.65710453
"210",2017-11-08 02:52:52,814001,814001,814129,0.1,0.34,12408.9947881,9810.52323833,246962.15310453
"211",2017-11-08 02:52:53,814000,813604,814000,0.6,1.90679974,12406.10311151,9809.69263898,246962.56420263
"212",2017-11-08 02:52:54,814000,814073,814127,0.49320124,0.6,12400.98531226,9820.40953214,246964.36886115
"213",2017-11-08 02:52:55,814000,814073,814127,0.49320124,0.6,12414.31451275,9817.83523411,246964.14886115
"214",2017-11-08 02:52:56,813999,813826,814126,0.01,0.9445,12422.52231101,9822.67973411,246964.69092107
"215",2017-11-08 02:52:57,813601,813601,814126,0.0801,0.9445,12421.81231101,9825.27973411,246965.58987107
"216",2017-11-08 02:52:58,814128,813603,814128,0.8741,0.499,12422.60631101,9819.83423411,246963.47187107
"217",2017-11-08 02:52:59,813501,813501,814023,15.00000122,0.548,12414.70868661,9803.14693115,246970.04607044
"218",2017-11-08 02:53:00,814050,813628,814125,0.548,0.28052489,12392.55088549,9790.88735455,246970.60300044
"219",2017-11-08 02:53:01,814126,814050,814126,0.289,17.28052489,12398.32228647,9789.71735628,246970.81251517
"220",2017-11-08 02:53:02,814126,814050,814126,0.289,17.28052489,12381.69418623,9788.48945628,246970.80751517
"221",2017-11-08 02:53:03,814126,814050,814125,0.289,2.8236929,12393.60618623,9792.31314918,246970.20646517
"222",2017-11-08 02:53:04,814050,813874,814050,0.05,1.8715,12404.67788647,9797.68465017,246969.43296609
"223",2017-11-08 02:53:05,813875,813875,814050,0.2166,1.7603,12410.61468745,9798.02795727,246969.54716609
"224",2017-11-08 02:53:06,814050,813876,814049,0.1098,0.6,12409.11648745,9803.4867588,246970.64696555
"225",2017-11-08 02:53:07,814049,813876,814000,0.1098,0.5,12409.97761234,9801.58575781,246968.55013589
"226",2017-11-08 02:53:08,814000,813629,814000,0.083,0.47,12394.30281112,9808.6028588,246967.05589611
"227",2017-11-08 02:53:09,814000,813628,814000,0.3046,0.47,12395.50381112,9806.9811588,246966.20904611
"228",2017-11-08 02:53:10,814000,813839,814000,0.01,0.47,12390.29681112,9751.26215633,246965.33682578
"229",2017-11-08 02:53:11,814000,814013,814046,0.22000024,5,12359.93081087,9761.64485633,246965.78275578
"230",2017-11-08 02:53:12,814000,813839,813999,0.01,1.5536,12396.64741136,9761.42675633,246965.69775578
"231",2017-11-08 02:53:13,813999,813900,814046,0.002,5,12411.63728647,9762.27415711,246966.18540553
"232",2017-11-08 02:53:14,813999,813900,813999,0.002,0.599,12400.48341136,9763.3297576,246965.63540553
"233",2017-11-08 02:53:15,814126,813900,814126,0.002,13.51171833,12396.00781014,9744.17615834,246980.63540553
"234",2017-11-08 02:53:16,814126,813900,814126,0.002,13.51171833,12408.49241136,9744.1751578,246980.13540553
"235",2017-11-08 02:53:17,813632,813632,814126,0.611,13.51171833,12403.23681112,9743.5751573,246979.42398637
"236",2017-11-08 02:53:18,814126,813839,814126,3,10.68802543,12402.78781063,9741.35146588,246981.77517927
"237",2017-11-08 02:53:19,814126,813904,814125,0.01,0.9857,12402.27781063,9741.7371644,246981.77517927
"238",2017-11-08 02:53:20,814126,814125,814126,0.1,10.67372543,12407.04068501,9736.57156613,246982.77412927
"239",2017-11-08 02:53:21,814126,814125,814126,0.1,10.67372543,12415.16198406,9736.60156588,246982.27162927
"240",2017-11-08 02:53:22,814125,814125,814126,1,10.67372543,12410.08528343,9731.92256399,246980.06491927
"241",2017-11-08 02:53:23,813842,813842,813999,0.7534,0.99280095,12414.18808462,9730.20567204,246984.22146977
"242",2017-11-08 02:53:24,813999,813841,813999,0.9484,0.88280095,12415.88308486,9729.48567327,246984.73146977
"243",2017-11-08 02:53:25,813842,813842,813999,1.19600073,0.88280095,12403.28378535,9728.6606713,246981.73575761
"244",2017-11-08 02:53:26,813999,813843,813999,0.9484,0.87680095,12410.37278682,9737.65467179,246981.73955761
"245",2017-11-08 02:53:27,813999,813843,813999,0.9484,0.87680095,12409.54434299,9742.6425708,246981.73955761
"246",2017-11-08 02:53:28,813999,813840,813999,1.5484,0.37680095,12410.81124275,9742.1475708,246982.24855761
"247",2017-11-08 02:53:29,813999,813842,813999,0.6,0.37680095,12349.35964299,9754.81757179,246981.73292761
"248",2017-11-08 02:53:30,814000,813841,814000,2.14840049,5.02680095,12349.86064201,9742.2365713,246980.17282761
"249",2017-11-08 02:53:31,814000,813841,814000,1.54840049,4.52680095,12347.53064226,9736.15657204,246979.81562836
"250",2017-11-08 02:53:32,814000,813843,814000,0.9484,2.92680095,12370.17064299,9771.15457204,246981.51455836
"251",2017-11-08 02:53:33,814000,813844,814000,0.9484,2.92680095,12376.14664299,9783.96657105,246979.51455836
"252",2017-11-08 02:53:34,814000,813844,814000,0.9484,2.92680095,12375.82664299,9787.62157055,246977.51455836
"253",2017-11-08 02:53:35,813301,813843,814000,0.9484,3.42680095,12367.67504348,9798.15577056,246988.51455836
"254",2017-11-08 02:53:36,813845,813845,813999,0.3624,1,12366.96057977,9802.29077105,246978.61455836
"255",2017-11-08 02:53:37,813999,813303,813999,0.4242,0.6,12356.92387977,9796.81627105,246978.81455786
"256",2017-11-08 02:53:38,813999,813303,813999,0.4242,0.6,12366.89587928,9785.48127105,246978.81198829
"257",2017-11-08 02:53:39,813304,813304,813999,0.182,1.2,12379.8778805,9754.2732708,246979.50352723
"258",2017-11-08 02:53:40,813304,813304,813970,0.182,0.01,12379.87788025,9749.74859627,246979.50352723
"259",2017-11-08 02:53:41,813999,813845,813960,0.6,1,12367.01437952,9754.35409751,246980.80352723
"260",2017-11-08 02:53:42,813420,813420,813959,0.088,1.2,12366.01437952,9742.05909726,246982.14547723
"261",2017-11-08 02:53:43,813420,813420,813959,0.088,2.4229,12365.28037976,9741.32449726,246981.45047723
"262",2017-11-08 02:53:44,813959,813420,813959,0.038,1.4229,12371.213273,9740.32449726,246982.38627681
"263",2017-11-08 02:53:45,813959,813420,813954,0.038,0.005,12375.81077349,9735.52949627,246948.38549776
"264",2017-11-08 02:53:46,813959,813420,813901,0.038,0.192,12371.36657325,9740.12549726,246943.47613226
"265",2017-11-08 02:53:47,813307,813308,813855,7.20000171,0.491,12375.58723623,9753.38649751,246944.10429847
"266",2017-11-08 02:53:48,813899,813309,813899,0.48,2.391,12373.44273525,9743.10069652,246943.54654033
"267",2017-11-08 02:53:49,813899,813606,813898,0.01,1.2308,12376.96153525,9743.49069666,246943.20504009
"268",2017-11-08 02:53:50,813899,813854,813897,0.00479934,0.2,12376.48353434,9743.69069666,246943.20504009
"269",2017-11-08 02:53:51,813899,813854,813897,0.00479934,0.2,12375.84273364,9738.91069567,246943.19806967
"270",2017-11-08 02:53:52,813845,813311,813845,0.54,0.32,12372.56013357,9743.79509732,246943.38286901
"271",2017-11-08 02:53:53,813845,813311,813845,0.54,0.32,12377.38013381,9742.79509732,246943.41441901
"272",2017-11-08 02:53:54,813845,813500,813843,4,1.2663,12381.46659728,9744.05239867,246943.40561901
"273",2017-11-08 02:53:55,813845,813501,813843,0.6,1.2663,12382.93809826,9743.48337394,246938.40581901
"274",2017-11-08 02:53:56,813845,813501,813845,0.6,0.32,12382.94579826,9752.14477493,246938.40581901
"275",2017-11-08 02:53:57,813845,813500,813839,4,0.005,12372.54326647,9755.67727493,246938.36937162
"276",2017-11-08 02:53:58,813845,813501,813839,0.438,0.005,12381.22796671,9755.49587493,246938.29189664
"277",2017-11-08 02:53:59,813845,813502,813839,0.8015,0.167,12385.84646671,9745.89587419,246938.34129664
"278",2017-11-08 02:54:00,813503,813503,813835,0.388,0.005,12385.32396671,9746.30087394,246938.38024664
"279",2017-11-08 02:54:01,813503,813503,813835,0.388,0.005,12385.68330373,9747.84327419,246938.38024664
"280",2017-11-08 02:54:03,813313,813420,813837,0.526,0.162,12375.52630299,9745.57127345,246936.88612664
"281",2017-11-08 02:54:04,813313,813504,813837,0.4326,0.162,12375.95890299,9745.57127345,246936.88612664
"282",2017-11-08 02:54:05,813854,813420,813853,0.526,0.34870066,12373.75470226,9752.1760732,246937.55767664
"283",2017-11-08 02:54:06,813853,813421,813853,0.6,0.13240066,12371.95470153,9771.9907735,246937.54265064
"284",2017-11-08 02:54:07,813853,813422,813853,0.0574,0.01960066,12342.17510129,9762.57797276,246938.43745064
"285",2017-11-08 02:54:08,813853,813422,813853,0.0574,0.01960066,12363.25870178,9764.18627276,246938.42745064
"286",2017-11-08 02:54:09,813420,813423,813853,0.0574,0.01960066,12359.12910178,9761.99897226,246938.52640064
"287",2017-11-08 02:54:10,813420,813421,813853,0.0287,0.01960066,12369.035403,9776.6529735,246938.32877664
"288",2017-11-08 02:54:11,813420,813505,813853,0.6,0.01960066,12369.604403,9773.05297399,246935.97770664
"289",2017-11-08 02:54:12,813420,813505,813898,0.6,1.6017,12372.18440373,9787.44337506,246935.87770664
"290",2017-11-08 02:54:13,813420,813500,813898,0.74239934,1.6017,12372.79110307,9786.74337506,246935.27740664
"291",2017-11-08 02:54:14,813420,813506,813898,0.022,0.004,12364.36610209,9786.46087383,246935.11964664
"292",2017-11-08 02:54:15,813420,813501,813898,0.022,0.004,12368.86710233,9786.44687383,246931.99664664
"293",2017-11-08 02:54:16,813898,813500,813898,0.74239934,1.59320024,12357.36810233,9786.42087407,246921.9984464
"294",2017-11-08 02:54:17,813898,813501,813898,0.022,0.00220024,12368.66380914,9785.82687228,246921.5023964
"295",2017-11-08 02:54:18,813522,813523,813899,0.74239934,1.88320024,12375.88731615,9786.51687228,246918.27567096
"296",2017-11-08 02:54:19,813522,813523,813899,0.76439934,1.88320024,12374.73931615,9796.02687351,246911.27567096
"297",2017-11-08 02:54:20,813522,813543,813899,6,1.88320024,12377.70931518,9769.25787301,246911.27567096
"298",2017-11-08 02:54:21,814000,813900,814000,0.0221,20.77880095,12378.27993462,9760.77467449,246914.63605241
"299",2017-11-08 02:54:22,814000,813899,814000,0.71679976,20.75670095,12373.47783438,9755.6505735,246914.33051543
"300",2017-11-08 02:54:23,814000,813900,813925,0.00179996,0.01,12385.65447614,9755.6615738,246912.81382728
"301",2017-11-08 02:54:24,814000,813900,813925,0.00179996,0.01,12382.8760768,9751.17813651,246911.40602163
"302",2017-11-08 02:54:25,814000,813900,813925,0.1441993,0.01,12386.29947785,9746.77713648,246910.77097119
"303",2017-11-08 02:54:26,813900,813900,813925,0.1391993,0.01,12392.84557736,9746.13923648,246903.76977286
"304",2017-11-08 02:54:27,814000,813900,814000,0.1391993,0.76670095,12404.20557883,9726.13923648,246921.93101017
"305",2017-11-08 02:54:28,814000,813901,814000,0.011,0.74670095,12386.90538087,9725.37423329,246911.35691017
"306",2017-11-08 02:54:29,814000,813901,814000,0.011,0.74670095,12396.50538136,9725.37423329,246910.55376017
"307",2017-11-08 02:54:30,814000,813900,814000,0.1391993,0.73570095,12396.51438136,9709.19823329,246908.26225921
"308",2017-11-08 02:54:31,814126,813901,814126,0.0172,5.12729594,12394.71158038,9690.5982318,246910.62108825
"309",2017-11-08 02:54:32,814126,814000,814126,0.00179976,5.12729594,12397.40398063,9721.03703358,246910.49844534
"310",2017-11-08 02:54:33,814126,814000,814126,0.00179976,5.12729594,12403.40398185,9730.63703457,246909.14384534
"311",2017-11-08 02:54:34,814126,814000,814126,0.00179976,4.83729594,12387.94078112,9732.88483555,246908.07684534
"312",2017-11-08 02:54:35,814126,814000,814121,0.00179976,0.005,12393.02778161,9732.88983555,246904.32169438
"313",2017-11-08 02:54:36,814500,814000,814500,0.00179976,11.80348204,12392.20316813,9703.88083631,246916.33169294
"314",2017-11-08 02:54:37,814500,814001,814500,0.081,11.29730455,12443.50256268,9704.64965932,246912.22186971
"315",2017-11-08 02:54:38,814500,814008,814500,0.505,5.09730455,12408.22656264,9679.95786031,246917.22386971
"316",2017-11-08 02:54:39,814500,814444,814500,0.00179876,0.87900455,12381.48376074,9735.70036061,246920.88356971
"317",2017-11-08 02:54:40,814444,814009,814399,0.74239934,0.59820198,12534.06156247,9737.29856259,246921.56036847
"318",2017-11-08 02:54:41,814813,814013,814813,0.005,6.22710802,12530.88086247,9741.16906333,246922.95209611
"319",2017-11-08 02:54:42,814813,814500,814813,0.7673,5.02210752,12523.26246362,9740.72586283,246888.98624614
"320",2017-11-08 02:54:43,814500,814500,814813,0.189,5.02210752,12527.74736294,9757.52586455,246883.63829354
"321",2017-11-08 02:54:44,814500,814500,814813,0.189,5.02210752,12532.12366465,9757.52586455,246882.96169354
"322",2017-11-08 02:54:45,815000,814813,815000,1.1172,26.99730924,12532.67290167,9739.92486505,246901.8016233
"323",2017-11-08 02:54:46,815000,814813,815000,1.1172,21.94430924,12522.49990045,9737.87186726,246880.35087282
"324",2017-11-08 02:54:47,815000,814742,814881,0.03,0.01,12522.42669947,9733.45369978,246878.92900713
"325",2017-11-08 02:54:48,815000,814742,815000,0.03,16.89624348,12522.34669957,9736.78080003,246856.83584124
"326",2017-11-08 02:54:49,815000,814742,815000,0.23,14.89624348,12525.56139891,9740.83080003,246858.94586917
"327",2017-11-08 02:54:50,815070,815000,815070,4.35375652,4.49,12534.17175543,9712.50955754,246884.41884903
"328",2017-11-08 02:54:51,815070,815005,815070,0.005,4.427,12532.50935609,9716.06555606,246886.01884903
"329",2017-11-08 02:54:52,815070,815001,815070,0.14089957,3.627,12538.67125664,9736.18055704,246888.8192988
"330",2017-11-08 02:54:53,815070,815001,815070,0.14089957,2.727,12535.32435444,9774.22755778,246894.34690539
"331",2017-11-08 02:54:54,815070,815001,815070,0.13789957,2.0979,12536.23105542,9787.22145783,246901.15530617
"332",2017-11-08 02:54:55,815070,815001,815070,0.13789957,2.0979,12553.53105542,9791.09145808,246908.29751198
"333",2017-11-08 02:54:56,815390,815070,815390,0.00179986,15.22344156,12543.54415528,9763.12225734,246938.988313
"334",2017-11-08 02:54:57,815019,815019,815390,4.99,13.22344156,12549.2451608,9746.56390792,246944.07115597
"335",2017-11-08 02:54:58,815019,815002,815390,0.06179986,13.19549628,12532.49346484,9730.50396264,246945.04410125
"336",2017-11-08 02:54:59,814780,814485,814780,0.22596135,9.11960066,12532.88508676,9714.1473633,246947.05786751
"337",2017-11-08 02:55:00,814780,814486,814780,0.081,8.91960066,12554.28113149,9715.4475638,246946.77001751
"338",2017-11-08 02:55:01,814780,814485,814780,0.17696135,8.67900066,12550.52913149,9717.78451149,246947.14061751
"339",2017-11-08 02:55:02,814780,814657,814780,0.01,7.54960066,12561.38001071,9712.61446788,246948.24947657
"340",2017-11-08 02:55:03,814211,814486,814780,0.0647,7.54960066,12547.092407,9720.37646788,246951.95260588
"341",2017-11-08 02:55:04,814211,814487,814779,0.0647,0.10220014,12551.35714589,9710.65866727,246935.95360588
"342",2017-11-08 02:55:05,814211,814487,814495,0.0647,0.01,12553.75714687,9716.16746743,246935.95253588
"343",2017-11-08 02:55:06,814495,814487,814495,0.0647,0.00820074,12557.74524607,9717.26666657,246935.11029214
"344",2017-11-08 02:55:07,814657,814487,814657,0.0647,4.40820074,12567.51434433,9719.41506707,246935.66029214
"345",2017-11-08 02:55:08,814487,814211,814487,0.24482,1.8253,12569.09304416,9722.27256721,246920.18249214
"346",2017-11-08 02:55:09,814657,814211,814657,0.24482,3.68764407,12569.69304416,9727.5219104,246923.14554895
"347",2017-11-08 02:55:10,814657,814488,814657,0.2127,3.68764407,12569.88954409,9727.93811139,246921.24554895
"348",2017-11-08 02:55:11,814657,814488,814657,0.2127,3.68764407,12570.45434353,9721.3601104,246920.94554895
"349",2017-11-08 02:55:12,814657,814488,814656,0.2127,0.42,12572.69394402,9721.7993104,246919.9383494
"350",2017-11-08 02:55:13,814657,814597,814656,0.01,0.42,12572.11494402,9719.5993099,246919.8352294
"351",2017-11-08 02:55:14,814657,814597,814657,0.01,3.37764407,12565.62894402,9721.3093099,246918.8372294
"352",2017-11-08 02:55:15,814657,814597,814657,0.01,2.75764309,12514.43794426,9719.50830837,246919.21760197
"353",2017-11-08 02:55:16,814657,814488,814657,0.2127,2.15764236,12523.03294426,9730.60569344,246918.4241027
"354",2017-11-08 02:55:17,814657,814488,814657,0.2127,2.12949752,12534.09054492,9745.1775491,246918.26431156
"355",2017-11-08 02:55:18,814657,814557,814657,0.002,2.12949752,12534.23494426,9745.1675486,246916.46431156
"356",2017-11-08 02:55:19,814212,814713,815485,0.52,0.728981,12507.76494426,9689.93819222,246969.84324156
"357",2017-11-08 02:55:20,814212,814713,814779,0.52,1.7446,12505.64052224,9693.67816196,246969.47224056
"358",2017-11-08 02:55:21,814850,814714,814850,0.14239934,0.01,12505.24292256,9693.66166196,246969.08724056
"359",2017-11-08 02:55:22,815279,814714,815278,0.74239934,1.7815,12504.49182322,9699.05506345,246949.93724056
"360",2017-11-08 02:55:23,815278,814850,815278,5.6473858,0.7815,12519.20420951,9693.94608195,246940.32674056
"361",2017-11-08 02:55:24,814850,814850,815279,5.5453858,0.00500001,12519.38001017,9688.15688219,246940.30792754
"362",2017-11-08 02:55:25,814850,814851,815000,1.68579934,15.82710219,12546.05640926,9704.23318438,246930.81754012
"363",2017-11-08 02:55:26,814850,814851,814999,1.5434,0.54,12545.75700992,9705.45568462,246930.10010267
"364",2017-11-08 02:55:27,814852,814852,814999,1.56259934,0.54,12549.13520926,9605.32818437,246910.18010267
"365",2017-11-08 02:55:28,814852,814853,814999,0.60000024,0.54,12548.24600827,9605.02818437,246903.87915188
"366",2017-11-08 02:55:29,814852,814854,815000,0.6,15.82710219,12543.81840803,9599.95038413,246900.28730267
"367",2017-11-08 02:55:30,814852,814854,814999,0.6,1.4446,12547.70820827,9601.39598538,246888.72527267
"368",2017-11-08 02:55:31,814854,814854,814999,0.24239934,1.4446,12547.49420778,9606.05998612,246888.69350965
"369",2017-11-08 02:55:32,814999,814854,815000,0.24239934,15.82710219,12547.50020778,9604.6173859,246888.32765941
"370",2017-11-08 02:55:33,814999,814854,814900,0.54239934,4,12546.07482232,9605.81438355,246887.42615268
"371",2017-11-08 02:55:34,814900,814855,814900,1.1179,3.39999927,12550.87872222,9603.41438208,246886.87855341
"372",2017-11-08 02:55:35,815000,815000,815070,1.04339854,0.3,12551.52612076,9598.9872826,246886.01808489
"373",2017-11-08 02:55:36,815070,814698,815050,0.83369788,0.001,12547.75712149,9591.04228235,246882.43678489
"374",2017-11-08 02:55:37,815070,814699,814957,0.5,5,12548.37342361,9606.18798243,246881.13878427
"375",2017-11-08 02:55:38,814957,814700,814957,0.45,2.6,12545.56102386,9603.49428243,246883.33773427
"376",2017-11-08 02:55:39,814957,814699,814957,0.78,2.6,12531.51922386,9604.70098489,246883.93773427
"377",2017-11-08 02:55:40,814957,814854,814957,0.6,2.6,12503.15062337,9606.19248489,246877.93773427
"378",2017-11-08 02:55:41,815000,815000,815123,5.99799992,0.00199978,12531.9079219,9589.9549862,246892.78173435
"379",2017-11-08 02:55:42,815001,815001,815123,0.59799992,0.00199978,12556.10602279,9588.5666862,246892.45391888
"380",2017-11-08 02:55:43,815001,815001,815250,1.86469926,0.02,12581.99432255,9604.04178454,246890.45391888
"381",2017-11-08 02:55:44,815000,815000,815250,44.42239918,0.02,12584.5860228,9571.68988421,246894.30391888
"382",2017-11-08 02:55:45,815300,815300,815486,0.00198332,0.5,12612.0450071,9551.12546778,246895.43353556
"383",2017-11-08 02:55:46,815000,815001,815123,1.2391,1,12591.8454169,9566.18931147,246899.10748556
"384",2017-11-08 02:55:47,815000,815002,815123,0.28,1,12622.40431739,9541.26930974,246863.30641556
"385",2017-11-08 02:55:48,815123,815002,815123,0.78,0.327,12618.11901763,9509.15921048,246843.97941556
"386",2017-11-08 02:55:49,815123,815123,815300,0.9675,0.78482,12597.95451763,9472.52331023,246843.31241556
"387",2017-11-08 02:55:50,815500,815300,815389,0.7848,0.509,12573.44521661,9466.85171072,246849.16441556
"388",2017-11-08 02:55:51,815300,815300,815389,2.7748,0.509,12618.56871661,9426.74241147,246847.0734146
"389",2017-11-08 02:55:52,815300,815301,815389,0.25,0.509,12521.52191661,9384.57840851,246846.42452766
"390",2017-11-08 02:55:53,815500,815389,815500,0.102,7.91412,12554.16381599,9389.25740687,246846.63502776
"391",2017-11-08 02:55:54,815500,815301,815500,0.87239934,7.70912,12532.10781549,9345.82140786,246844.30201334
"392",2017-11-08 02:55:55,815500,815302,815499,1.1871,1.2,12491.57251615,9391.64110786,246850.03714334
"393",2017-11-08 02:55:56,815375,815303,815375,0.22,0.00820104,12468.66441664,9394.2697087,246840.2038923
"394",2017-11-08 02:55:57,815375,815303,815375,0.9048,0.00820104,12427.89431664,9389.78371018,246839.18389231
"395",2017-11-08 02:55:58,815375,815303,815375,0.9048,1.00820104,12396.98231615,9523.03481107,246836.70289231
"396",2017-11-08 02:55:59,815375,815304,815374,1.1671,1.2,12537.14461615,9586.80211107,246837.02701728
"397",2017-11-08 02:56:00,815004,815004,815374,1.70710097,1.2,12548.76151615,9578.63491107,246837.34631802
"398",2017-11-08 02:56:01,815305,815305,815484,0.2335,1.30820104,12500.79959304,9639.54791181,246826.7975385
"399",2017-11-08 02:56:02,815999,815005,815483,0.5,0.6,12478.41029354,9636.9539128,246840.62904022
"400",2017-11-08 02:56:03,815999,815600,815998,0.02,1.2,12491.9100928,9664.57668905,246843.82014044
"401",2017-11-08 02:56:04,815999,815305,815999,0.3,6.58900321,12529.0610928,9662.17008953,246842.73714444
"402",2017-11-08 02:56:05,816000,815005,816000,1.2838,34.62800247,12523.01209183,9651.71808879,246850.93125018
"403",2017-11-08 02:56:06,815998,815610,815998,0.03,0.7009,12544.18429207,9631.61498879,246848.70341116
"404",2017-11-08 02:56:07,815742,815742,815998,0.027,1.17,12536.64129158,9607.97098879,246855.80534116
"405",2017-11-08 02:56:08,815990,815657,815990,0.201,3.9844,12546.11229266,9617.15438879,246856.74122141
"406",2017-11-08 02:56:09,815484,815484,815817,0.5,0.01,12545.87229266,9616.48438879,246856.79352141
"407",2017-11-08 02:56:10,816000,815484,815798,0.78,0.01,12555.8680927,9604.67438879,246868.72000437
"408",2017-11-08 02:56:11,816000,815484,815856,3.15000049,0.446,12559.58819464,9597.36768879,246868.36660437
"409",2017-11-08 02:56:12,816000,815485,816000,0.3,8.37880247,12559.60519464,9600.80008879,246873.0214907
"410",2017-11-08 02:56:13,815888,815486,815717,0.5,0.01,12560.49159415,9616.05518879,246872.5536907
"411",2017-11-08 02:56:14,815486,815486,815882,1.085,0.00521987,12552.17369415,9628.45240866,246874.41305519
"412",2017-11-08 02:56:15,815888,815857,815888,0.2544,14.51321987,12551.89309415,9636.36240866,246872.73400519
"413",2017-11-08 02:56:16,815857,815857,815888,0.00290113,9.20321987,12551.54159577,9635.25240891,246873.82081651
"414",2017-11-08 02:56:17,815888,815488,815888,0.7,3.71031874,12549.36499391,9624.98950852,246878.83001764
"415",2017-11-08 02:56:18,815888,815488,815888,0.4,2.62751874,12559.3195927,9619.10670999,246878.89239764
"416",2017-11-08 02:56:19,815888,815564,815888,0.0033,2.62751874,12562.12689221,9629.09671073,246878.89134764
"417",2017-11-08 02:56:20,815887,815490,815887,0.7,0.1388,12581.02359295,9628.38411073,246871.86394764
"418",2017-11-08 02:56:21,816000,815889,816000,0.28,4.04372121,12558.22921045,9622.77611073,246876.80314764
"419",2017-11-08 02:56:22,815888,815908,816399,0.0033,3.58780148,12557.26168899,9610.97038854,246886.50886885
"420",2017-11-08 02:56:23,816400,815990,816400,0.499,9.983,12539.69272768,9578.19752987,246884.02062013
"421",2017-11-08 02:56:24,816400,815990,816400,0.499,9.983,12562.16972817,9596.94753552,246885.41113666
"422",2017-11-08 02:56:25,816170,816399,816400,6e-04,9.97966569,12556.05572817,9598.85930121,246883.62288754
"423",2017-11-08 02:56:26,816170,816399,816400,6e-04,9.97966569,12560.01572792,9595.87420121,246872.81699101
"424",2017-11-08 02:56:27,816170,815990,816170,0.199,14.96190537,12538.32680389,9611.16270658,246865.21567597
"425",2017-11-08 02:56:28,815990,815990,816170,0.19180025,15.06190537,12545.59400316,9609.76390339,246863.60287548
"426",2017-11-08 02:56:29,815892,815892,816170,1.14180025,15.06090537,12545.4575034,9548.84980339,246860.14227548
"427",2017-11-08 02:56:30,815888,815888,816170,5.62607928,15.06090537,12539.56750291,9619.39980369,246863.48062478
"428",2017-11-08 02:56:31,815888,815817,815888,2.1108,13.17212166,12528.14142339,9632.70202535,246870.03670288
"429",2017-11-08 02:56:32,815817,815817,815888,1.4108,13.17212166,12514.8414229,9627.76692535,246871.8339706
"430",2017-11-08 02:56:33,815888,815817,815868,1.4108,0.001,12514.9354229,9614.56922144,246874.9685706
"431",2017-11-08 02:56:34,815817,815817,815887,0.8808,0.4022983,12510.30342266,9634.76922365,246882.44530533
"432",2017-11-08 02:56:35,815888,815486,815888,4.80000024,14.19461996,12485.21942241,9639.18010435,246905.81316679
"433",2017-11-08 02:56:36,814660,814700,815418,4.8,0.499,12485.00722703,9639.5960564,246911.11209679
"434",2017-11-08 02:56:37,815487,815487,815650,0.1141017,0.02,12484.42032995,9638.40825616,246907.69340256
"435",2017-11-08 02:56:38,814660,814660,815650,6.53745391,0.02,12476.00202994,9641.73725591,246900.85761826
"436",2017-11-08 02:56:39,815817,815387,815650,0.002,1.46589781,12477.44963043,9638.08105616,246906.59381875
"437",2017-11-08 02:56:40,815888,815858,815888,0.8702,5.4,12460.81483018,9643.28053938,246917.59651924
"438",2017-11-08 02:56:41,815858,815650,815857,0.3,0.1351051,12466.18463067,9643.40564448,246913.84701924
"439",2017-11-08 02:56:42,815857,815650,815857,0.3,0.43,12480.19983067,9637.5346457,246914.51241973
"440",2017-11-08 02:56:43,815857,815651,815857,0.6,0.43,12484.23383067,9618.5346447,246914.09037571
"441",2017-11-08 02:56:44,815857,815651,815857,0.1,0.52999902,12474.95843067,9629.74544299,246916.49037669
"442",2017-11-08 02:56:45,815856,815176,815856,0.41,0.59999976,12477.88092704,9629.72293839,246926.55941056
"443",2017-11-08 02:56:46,815480,814666,815479,0.41,0.6,12484.76092875,9629.55731863,246926.41522959
"444",2017-11-08 02:56:47,815364,814667,815364,0.5,0.455,12482.69216267,9629.51481765,246926.10217959
"445",2017-11-08 02:56:48,815380,814929,815363,0.477,3.3499,12492.13996194,9638.94021813,246926.60837959
"446",2017-11-08 02:56:49,815363,814701,815250,0.41,0.02,12480.77716218,9677.8941646,246927.61405762
"447",2017-11-08 02:56:50,815250,815171,815250,0.01,0.019,12480.63716169,9683.49941913,246926.14325862
"448",2017-11-08 02:56:51,815857,815720,815857,4.61372,2.994,12478.44173117,9673.84513741,246927.33003859
"449",2017-11-08 02:56:52,815420,815600,815857,0.02,2.994,12476.2277319,9689.28113766,246932.39580422
"450",2017-11-08 02:57:02,814500,814500,814700,4.414,14.49,12452.39540946,9694.17454018,246950.18337123
"451",2017-11-08 02:57:10,815300,814999,815300,0.05,0.16234891,12412.61676471,9658.64563551,246896.95604408
"452",2017-11-08 02:57:11,814170,814170,814705,25.38260053,0.7532,12421.08776437,9647.65943501,246902.65604408
"453",2017-11-08 02:57:12,815498,815299,815400,0.02715352,1,12408.2200439,9684.62733879,246908.05927735
"454",2017-11-08 02:57:13,814598,814400,814598,0.02,0.29968536,12435.22089111,9674.11966522,246902.94147191
"455",2017-11-08 02:57:14,814598,814501,814598,0.67675403,0.29968536,12435.91764514,9674.12966522,246902.30767265
"456",2017-11-08 02:57:15,814170,814170,814597,11.30786642,0.54248,12476.982057,9660.57437316,246913.67009146
"457",2017-11-08 02:57:16,814170,814172,814501,1.0505,0.6767,12484.92239866,9651.39213759,246914.38676817
"458",2017-11-08 02:57:17,814707,814707,814850,0.9594987,0.02,12482.30589736,9659.70743808,246915.78101842
"459",2017-11-08 02:57:18,814707,814707,814850,0.3594987,0.02,12483.13389736,9660.48383852,246913.36901842
"460",2017-11-08 02:57:19,815398,814708,814753,0.6,0.01,12480.97822563,9660.29529384,246904.35901842
"461",2017-11-08 02:57:20,814170,814303,815282,1.474,0.442,12476.87980187,9663.64176147,246907.31412868
"462",2017-11-08 02:57:21,814021,814304,815000,0.6,5,12463.17890618,9675.44176271,246913.85862881
"463",2017-11-08 02:57:22,814021,814314,814767,0.001,0.01,12406.82390643,9664.52205567,246901.16705881
"464",2017-11-08 02:57:23,814305,814305,814767,1.0425,0.01,12427.86240667,9672.44055716,246899.27371058
"465",2017-11-08 02:57:24,814000,814001,814767,1.80000147,0.01,12425.86240741,9679.56055617,246899.22771058
"466",2017-11-08 02:57:25,814000,814001,814767,1.80000147,0.01,12418.05240741,9685.06055716,246899.22771058
"467",2017-11-08 02:57:26,814000,814000,814450,1.78550053,0.02,12423.54330741,9685.10515691,246904.21671058
"468",2017-11-08 02:57:27,814996,814002,814994,0.6657,0.4,12418.49000868,9684.78935567,246904.67036964
"469",2017-11-08 02:57:28,814002,814002,814989,0.1657,0.005,12414.40010868,9682.27445493,246893.18236964
"470",2017-11-08 02:57:29,813901,814001,814989,0.4206,0.005,12413.65780868,9680.55645493,246897.26399284
"471",2017-11-08 02:57:30,813901,814598,814989,0.00179966,0.005,12420.99320781,9692.24745813,246898.00094284
"472",2017-11-08 02:57:31,814598,814051,814302,1,0.00020034,12420.51720863,9679.44025699,246897.9966925
"473",2017-11-08 02:57:32,813901,814800,814995,0.02,0.78020034,12420.53000863,9675.41325699,246897.4176925
"474",2017-11-08 02:57:33,815281,814767,815281,1.32,2.70420256,12414.85880863,9666.18425723,246905.1374925
"475",2017-11-08 02:57:34,815281,814768,814994,0.6,2,12417.3660101,9665.48725723,246906.63416836
"476",2017-11-08 02:57:35,814768,814768,814983,0.5803969,0.01,12417.346407,9671.41725822,246904.93077146
"477",2017-11-08 02:57:36,814768,814870,814983,0.474,0.01,12411.92240676,9682.71725847,246902.27656172
"478",2017-11-08 02:57:37,814993,814788,814991,0.001,1.20000099,12461.63320815,9681.7550569,246905.95046172
"479",2017-11-08 02:57:38,814982,814871,814901,0.5803969,0.01,12465.21360505,9686.83305764,246901.97530074
"480",2017-11-08 02:57:39,814982,814788,814901,0.001,0.01,12466.01360505,9686.83305764,246901.46975186
"481",2017-11-08 02:57:40,814982,814788,814901,0.001,0.01,12461.2136053,9687.73305789,246898.03525138
"482",2017-11-08 02:57:41,814767,814767,814901,0.3000969,0.01,12463.61130481,9696.07305789,246897.78755138
"483",2017-11-08 02:57:42,814201,814201,814296,5.60049453,0.474,12472.38330293,9694.33965715,246898.64844038
"484",2017-11-08 02:57:43,814201,814201,814296,5.20049453,0.393,12478.08830293,9693.98865715,246888.76391437
"485",2017-11-08 02:57:44,814296,814202,814295,0.3,0.5803969,12472.51010293,9692.75765182,246886.23877537
"486",2017-11-08 02:57:45,814295,814202,814295,0.54,0.27839617,12454.70490195,9693.28865331,246884.71854368
"487",2017-11-08 02:57:46,814285,814201,814285,5.10049453,2.692,12448.98490195,9691.55065183,246885.48671735
"488",2017-11-08 02:57:47,814285,814200,814285,1.2,0.29199902,12441.67440742,9692.4646511,246840.56471833
"489",2017-11-08 02:57:48,814978,814318,814977,0.478,0.49,12448.94640786,9687.24565042,246841.93226737
"490",2017-11-08 02:57:49,814978,814318,814977,0.478,0.28,12444.94840737,9687.03565042,246840.72226737
"491",2017-11-08 02:57:50,814978,814400,814976,0.02,1.982,12444.27440736,9690.92965216,246839.08966737
"492",2017-11-08 02:57:51,814975,814400,814975,0.02,5.999,12445.87440809,9685.19825399,246828.72710004
"493",2017-11-08 02:57:52,814318,814319,814890,0.4,1,12443.81480736,9687.40625399,246828.31490004
"494",2017-11-08 02:57:53,814319,814401,814850,0.0471,0.02,12442.47790736,9690.50825474,246827.44964908
"495",2017-11-08 02:57:54,814318,814318,814850,0.3855,0.02,12445.18550785,9702.85985524,246761.13578928
"496",2017-11-08 02:57:55,814888,814318,814889,0.3855,3.00000124,12448.97550664,9736.81585573,246757.16621069
"497",2017-11-08 02:57:56,814319,814319,814887,0.494,0.498,12451.18750664,9753.61585789,246747.40343943
"498",2017-11-08 02:57:57,814319,814318,814887,0.3855,0.498,12446.39150664,9752.46985864,246737.64748633
"499",2017-11-08 02:57:58,814318,814318,814619,0.3835,0.002,12446.67550664,9741.52015814,246731.60098633
"500",2017-11-08 02:57:59,814318,814318,814619,0.3835,0.002,12465.38350664,9737.29715864,246720.85612608
"501",2017-11-08 02:58:00,814401,814401,814619,0.3,0.002,12475.21480615,9731.19716011,246718.54012489
"502",2017-11-08 02:58:01,813905,813905,814619,15.0845,0.002,12458.91580615,9713.59045419,246727.93907393
"503",2017-11-08 02:58:02,814204,814402,814450,0.4607,0.02,12460.89400688,9711.73785697,246676.54867416
"504",2017-11-08 02:58:03,814450,814400,814619,0.001,0.002,12463.13630713,9703.04875648,246658.95411331
"505",2017-11-08 02:58:04,814883,814400,814450,0.001,1,12473.3363081,9677.07775623,246642.89411259
"506",2017-11-08 02:58:05,814450,814400,814450,0.001,0.97800022,12466.22930688,9674.16275645,246641.58511237
"507",2017-11-08 02:58:06,814450,814400,814450,0.001,0.97800022,12482.0263081,9672.04115571,246637.29366637
"508",2017-11-08 02:58:07,814450,814400,814450,0.001,0.47800022,12474.61030786,9672.11115571,246633.02422543
"509",2017-11-08 02:58:08,814450,814400,814450,0.001,0.47800022,12479.1103081,9666.26935497,246631.82322496
"510",2017-11-08 02:58:09,814450,814400,814450,0.001,0.15510022,12479.4103081,9678.58825572,246628.38936496
"511",2017-11-08 02:58:10,814877,814450,814876,0.07419978,0.45,12479.38450862,9675.674955,246627.83711404
"512",2017-11-08 02:58:11,814875,814400,814875,0.02,1.74870024,12482.64630835,9675.08185769,246629.6945378
"513",2017-11-08 02:58:12,814400,814500,814638,0.5,0.01,12480.10990884,9672.57185449,246627.19919594
"514",2017-11-08 02:58:13,814400,814500,814547,0.5,0.217,12478.99490835,9663.15955424,246626.18919594
"515",2017-11-08 02:58:14,814400,814500,814547,0.5,0.217,12485.99690835,9673.27955498,246625.78966109
"516",2017-11-08 02:58:15,814600,814600,814638,3.663,0.01,12489.0150081,9673.05735498,246628.79566109
"517",2017-11-08 02:58:16,814600,814601,814638,0.598,0.01,12444.13200908,9673.65535473,246628.14466109
"518",2017-11-08 02:58:17,814600,814600,814638,2.46099901,0.01,12438.91750834,9674.02535547,246627.43366208
"519",2017-11-08 02:58:18,814600,814600,814638,2.36099901,0.01,12438.58090882,9666.55535523,246626.13117208
"520",2017-11-08 02:58:19,814600,814204,814600,0.02,0.37880099,12429.09130835,9675.06485795,246626.86210109
"521",2017-11-08 02:58:20,814600,814204,814599,0.02,0.6,12431.50230884,9675.76765721,246624.96105086
"522",2017-11-08 02:58:21,814204,814204,814599,0.019,0.6,12436.7325361,9676.80335746,246622.46092813
"523",2017-11-08 02:58:22,814204,814500,814599,0.002,1.185,12437.4338361,9677.90235746,246621.81092813
"524",2017-11-08 02:58:23,814204,814500,814599,0.002,1.185,12433.02243586,9688.18005821,246621.80092813
"525",2017-11-08 02:58:24,814111,814111,814599,0.27772726,1.185,12436.9197361,9673.70125524,246608.40092813
"526",2017-11-08 02:58:25,814111,814112,814598,1.0013,0.827,12439.24330859,9668.24325499,246608.26985813
"527",2017-11-08 02:58:26,814113,814500,814598,1,0.827,12438.9251081,9673.39505843,246595.46735813
"528",2017-11-08 02:58:27,814500,814500,814598,0.953,0.827,12434.1439081,9673.31605932,246581.21051616
"529",2017-11-08 02:58:28,814500,814500,814597,0.953,0.44245452,12434.37680907,9676.01851483,246579.19946616
"530",2017-11-08 02:58:29,814500,814500,814597,0.95,0.44245452,12429.3204081,9675.41851409,246579.15246748
"531",2017-11-08 02:58:30,814100,814100,814596,1.64960049,0.54,12412.76400688,9684.80011434,246589.14346748
"532",2017-11-08 02:58:31,814101,814132,814450,0.60000098,0.02,12383.27311006,9686.22591434,246611.71276748
"533",2017-11-08 02:58:32,813901,813901,814450,5.24710122,0.02,12371.96450908,9684.73731434,246617.30577748
"534",2017-11-08 02:58:33,814101,813903,814101,2,0.65798,12377.6335081,9681.29709313,246610.67859748
"535",2017-11-08 02:58:34,814499,813903,814499,2,0.52,12387.83950883,9680.98145611,246607.78252748
"536",2017-11-08 02:58:35,814026,813820,814000,8.46960073,0.09,12414.44240712,9684.13728337,246613.11268703
"537",2017-11-08 02:58:36,813820,813903,814500,0.5,0.5,12429.80280859,9649.03637775,246587.44222628
"538",2017-11-08 02:58:37,814450,813903,814450,1,0.017,12424.71992986,9658.08267849,246547.43522628
"539",2017-11-08 02:58:38,814450,813903,814450,1,0.017,12402.91992937,9650.930678,246544.13184211
"540",2017-11-08 02:58:39,814450,813903,814400,1,1,12409.25293059,9659.66768145,246539.52184114
"541",2017-11-08 02:58:40,813500,813500,813809,1.76576853,0.511,12381.86869668,9660.46806727,246560.49897081
"542",2017-11-08 02:58:41,813809,813330,813809,19.99576853,0.077,12386.46869717,9654.92565339,246563.23192081
"543",2017-11-08 02:58:42,813330,813330,813723,9.93576853,0.027,12376.42869717,9649.44765339,246577.19441985
"544",2017-11-08 02:58:43,813330,813330,813546,9.90576853,0.03,12385.77869912,9653.95155321,246570.77246055
"545",2017-11-08 02:58:44,813546,813611,813808,0.27,0.107,12390.75909912,9652.34765339,246570.81881769
"546",2017-11-08 02:58:45,813330,813501,813808,0.60000049,0.107,12393.69929961,9657.97865349,246571.60932193
"547",2017-11-08 02:58:46,813808,813331,813611,0.34,0.27,12383.85929863,9657.62565275,246565.79632193
"548",2017-11-08 02:58:47,813808,813331,813807,0.34,1.04622726,12398.23929985,9661.81065324,246567.32253198
"549",2017-11-08 02:58:48,813808,813331,813799,0.34,5,12398.2483001,9667.80018074,246571.61023179
"550",2017-11-08 02:58:49,813808,813594,813798,0.01,1.2000005,12397.9183001,9668.25288124,246568.60023377
"551",2017-11-08 02:58:50,813808,813594,813798,0.01,1.8996005,12397.54929961,9664.65648124,246565.6554328
"552",2017-11-08 02:58:51,813808,813594,813797,0.01,0.6965,12389.72830035,9654.59417951,246565.6554328
"553",2017-11-08 02:58:52,813500,813500,813820,0.435,2,12389.21429961,9656.84438006,246575.9642328
"554",2017-11-08 02:58:53,813820,813501,813820,0.8988,1.997,12385.91309986,9654.83607761,246576.4541628
"555",2017-11-08 02:58:54,813322,813340,813820,6,1.997,12385.51969937,9652.43937901,246581.7641628
"556",2017-11-08 02:58:55,813340,813370,813721,0.3,0.491,12383.04970035,9657.30898079,246585.75461177
"557",2017-11-08 02:58:56,813720,813400,813720,1.5,1.1712,12372.75669962,9656.60008054,246561.53729301
"558",2017-11-08 02:58:57,812826,812826,813670,0.02458424,0.1961473,12355.35109025,9644.33849934,246571.53729301
"559",2017-11-08 02:58:58,813585,812360,813585,48.4263862,0.9,12355.93109123,9652.74130008,246580.23529301
"560",2017-11-08 02:58:59,812360,812360,812670,38.7563862,0.03,12342.96009123,9667.94450058,246559.53674415
"561",2017-11-08 02:59:00,813583,812360,813583,38.7263862,0.05320044,12346.95379147,9691.23340102,246558.93497371
"562",2017-11-08 02:59:01,813584,812540,813583,0.01,1.8298,12349.49679123,9703.58300102,246565.21657376
"563",2017-11-08 02:59:02,813583,813340,813584,6,1.12320069,12332.02779049,9705.56119978,246572.23247416
"564",2017-11-08 02:59:03,813582,813340,813582,6,2.32860099,12335.55179025,9731.44480124,246569.67695927
"565",2017-11-08 02:59:04,813340,813340,813581,0.41717851,0.75,12322.75596974,9738.58929882,246574.80815616
"566",2017-11-08 02:59:05,813340,813155,813340,0.5,1.11022149,12331.09879123,9736.83906197,246572.2650058
"567",2017-11-08 02:59:06,813340,812360,813340,29.7051862,1.10022149,12326.05559123,9733.10206221,246577.35044601
"568",2017-11-08 02:59:07,813340,812361,812850,0.21,0.02,12334.67639099,9705.41003899,246576.39214601
"569",2017-11-08 02:59:08,813340,812527,812850,1,0.02,12327.91629123,9684.92173998,246575.68752601
"570",2017-11-08 02:59:09,813339,812527,813339,1,1.5638,12335.35282351,9684.26534023,246574.42827601
"571",2017-11-08 02:59:10,813339,812537,813338,3,4.80000174,12343.30912326,9678.64234222,246573.44075653
"572",2017-11-08 02:59:11,812537,812800,813223,0.02,0.55,12352.3624235,9675.69534123,246573.6956115
"573",2017-11-08 02:59:12,812537,812800,813223,0.02,0.55,12355.09142326,9670.49634063,246572.1588115
"574",2017-11-08 02:59:15,812537,812538,813221,0.2986,0.6000005,12346.74902448,9676.48884145,246571.5584595
"575",2017-11-08 02:59:16,812538,812737,813000,7.30003253,0.006,12345.38805677,9682.1448412,246570.95738901
"576",2017-11-08 02:59:17,812538,812737,813000,7.30003253,0.006,12352.29205653,9685.4701412,246567.62738755
"577",2017-11-08 02:59:18,812538,812737,813000,7.30003253,0.006,12351.44345653,9686.47514194,246561.40668657
"578",2017-11-08 02:59:19,813000,812737,813000,7.30003253,4.99120056,12346.90345677,9694.9600425,246554.82583397
"579",2017-11-08 02:59:20,813000,812738,812890,0.3112,1,12362.42325701,9725.32072912,246550.72038797
"580",2017-11-08 02:59:21,812890,812737,812890,7.30003253,0.99,12370.46502448,9682.71202936,246549.40238797
"581",2017-11-08 02:59:22,812890,812890,812999,0.014,1.80000222,12418.64032448,9743.56947513,246547.93218797
"582",2017-11-08 02:59:23,812738,812738,812998,1.049,1.5262,12396.87282375,9725.53157513,246546.97418797
"583",2017-11-08 02:59:24,812998,812738,812998,1.049,1.5162,12408.69382375,9734.97257513,246546.98313797
"584",2017-11-08 02:59:25,812737,812737,812999,5.34903253,1.80000222,12408.79182448,9733.77437513,246543.45266797
"585",2017-11-08 02:59:26,812737,812738,812989,0.568,0.5,12336.32642448,9715.90513108,246532.62496797
"586",2017-11-08 02:59:27,812989,812739,812989,0.2505,0.4,12374.11202424,9739.63392911,246518.76576884
"587",2017-11-08 02:59:28,812989,812739,812979,0.2505,0.5,12397.21272393,9767.66392961,246518.71276884
"588",2017-11-08 02:59:29,812737,812737,812979,2.78753253,0.5,12397.15172296,9767.63127286,246518.44106749
"589",2017-11-08 02:59:30,812979,812738,812979,0.1335,0.49820024,12430.08003676,9768.6223726,246515.991867
"590",2017-11-08 02:59:31,812979,812737,812979,2.77753253,0.49820024,12429.94653676,9775.22237532,246509.634717
"591",2017-11-08 02:59:32,812979,812737,812978,2.77753253,1.7862,12426.08453676,9776.83857359,246505.42185448
"592",2017-11-08 02:59:33,812979,812737,812979,2.77753253,0.48820024,12420.37953701,9774.42857433,246503.59185206
"593",2017-11-08 02:59:34,812979,812737,812979,2.77753253,0.48820024,12435.07953799,9773.82857359,246501.42207485
"594",2017-11-08 02:59:35,812747,812747,812979,1,0.48820024,12433.69953799,9774.42857433,246498.41902485
"595",2017-11-08 02:59:36,812747,812747,812978,1,1.7375,12453.67953799,9776.77987556,246498.24322485
"596",2017-11-08 02:59:37,812978,812748,812979,0.0198,0.48820024,12458.69933799,9776.22937581,246499.00242485
"597",2017-11-08 02:59:38,812978,812748,812979,0.0198,0.48820024,12464.16263872,9763.85167507,246495.08042485
"598",2017-11-08 02:59:39,812979,812748,812979,0.3198,0.38820024,12459.8920375,9759.08507334,246451.50930204
"599",2017-11-08 02:59:40,812979,812749,812899,0.0199,5,12459.3521375,9768.41631485,246447.02196555
"600",2017-11-08 02:59:41,812979,812749,812899,0.0199,5,12463.2541375,9773.97687352,246447.86696555
