"","time","lst","best_bid","best_ask","best_bid_size","best_ask_size","total_bid_depth","total_ask_depth","volume"
"1",2017-11-08 00:05:54,809405,809405,809698,0.6,0.2974,12797.60515005,9783.06300353,253982.20715747
"2",2017-11-08 00:05:55,809402,809402,809698,0.38819715,0.2974,12807.69044566,9784.07430353,253962.14215772
"3",2017-11-08 00:05:56,809404,809405,809700,0.04820114,5.90859893,12809.73384783,9777.33310887,253960.1419577
"4",2017-11-08 00:05:57,809402,809402,809697,0.71799674,0.1676,12810.03544628,9778.03770887,253959.8419577
"5",2017-11-08 00:05:58,809700,809402,809700,0.71799674,3.94379893,12807.97244554,9770.60530862,253958.7212577
"6",2017-11-08 00:05:59,809403,809403,809698,1.9989,0.27020041,12827.44734856,9769.87550903,253957.00788533
"7",2017-11-08 00:06:00,809000,809011,809698,1.9994,0.27020041,12816.96874856,9805.52463049,253968.78770249
"8",2017-11-08 00:06:01,809000,809000,809699,1.39819688,5.80332112,12813.12974782,9804.47198473,253972.67432649
"9",2017-11-08 00:06:02,808120,809400,809698,0.4,3.00000124,12795.47974807,9805.58130735,253985.27522649
"10",2017-11-08 00:06:03,808120,808120,808850,1.58081983,0.02,12784.46045097,9807.58320899,254010.24772529
"11",2017-11-08 00:06:04,808799,808799,809609,0.17429426,0.20354864,12773.1954254,9801.56539444,254019.60372529
"12",2017-11-08 00:06:05,807600,808001,808689,4.46650147,0.32570574,12765.52464161,9814.89110093,254031.68121955
"13",2017-11-08 00:06:06,809403,808450,809020,8.18,8.72670574,12786.33296129,9816.00863931,254040.6619213
"14",2017-11-08 00:06:07,808450,808450,808800,4.70916264,3,12781.43278239,9806.55626714,254026.06275866
"15",2017-11-08 00:06:08,808450,808450,808799,4.67116222,1.2500005,12803.08662279,9818.63119749,254026.15513968
"16",2017-11-08 00:06:09,808450,808450,808700,3.97116222,2.989,12836.97465503,9813.26117489,254024.78923968
"17",2017-11-08 00:06:10,809019,809011,809019,3.5839985,4.79900099,12836.25345106,9812.15349751,254031.84583981
"18",2017-11-08 00:06:11,808679,808500,808679,0.3,1.03540216,12896.49965452,9810.52259896,254035.60103694
"19",2017-11-08 00:06:13,808150,808150,808678,17.72946222,0.59520086,12888.67365453,9817.4598993,254041.55230574
"20",2017-11-08 00:06:14,808451,808451,808678,1.6206,0.58520086,12896.7564542,9805.41777525,254040.13108829
"21",2017-11-08 00:06:15,807600,808200,808350,6.02,0.002,12944.47942195,9814.28519716,254065.14888935
"22",2017-11-08 00:06:16,808200,808200,808600,5.508,0.095,12958.59915248,9810.70768198,254065.10388935
"23",2017-11-08 00:06:17,808201,808201,808484,6.1824,0.07200099,12946.19455103,9809.75157237,254086.13918935
"24",2017-11-08 00:06:18,807660,807660,808484,5.16379914,0.05399987,12891.73624993,9800.3185715,254103.54918935
"25",2017-11-08 00:06:19,808202,808211,808300,0.001,4.7,12878.72465017,9809.89846638,254103.84668935
"26",2017-11-08 00:06:20,808300,808211,808299,0.001,8.20000025,12883.70034912,9833.68526552,254106.85668935
"27",2017-11-08 00:06:21,808299,808221,808298,0.001,0.4,12910.73455006,9833.68326552,254103.86848841
"28",2017-11-08 00:06:22,808044,808045,808200,0.3,5,12931.68044974,9838.77326477,254104.14968849
"29",2017-11-08 00:06:24,808200,808044,808122,0.0338,0.101,12926.0204495,9827.40016516,254109.14490797
"30",2017-11-08 00:06:26,808193,808044,808193,0.0338,6.99,12966.0542519,9813.67106539,254110.02490797
"31",2017-11-08 00:06:27,808193,808140,808192,0.1,0.60000099,12989.9731519,9794.27106638,254110.02490797
"32",2017-11-08 00:06:28,808044,808044,808192,2.09461983,0.60000099,12966.02797222,9799.92206589,254118.91608814
"33",2017-11-08 00:06:29,808193,808044,808193,2.09461983,2.58000099,12945.81197147,9795.03606589,254123.23478814
"34",2017-11-08 00:06:30,808197,808197,808200,2.45,4.41979964,12951.87019089,9801.98006565,254123.14578814
"35",2017-11-08 00:06:31,808197,808197,808199,2.44820084,7,12934.24459227,9809.49576603,254116.66670626
"36",2017-11-08 00:06:33,808199,808198,808199,0.6,6.552,12952.50059012,9807.37056589,254114.32770725
"37",2017-11-08 00:06:34,808199,808198,808199,0.38,5.55,12956.46458987,9801.54924376,254115.54970725
"38",2017-11-08 00:06:35,808199,808100,808203,0.41,0.1,12943.6103694,9778.10856639,254116.92490781
"39",2017-11-08 00:06:36,808044,808200,808299,1.2,7.14,12945.2510694,9844.41676689,254118.31440781
"40",2017-11-08 00:06:37,809080,808200,809080,12.2,5.72982,12962.34107038,9829.04744302,254123.96440781
"41",2017-11-08 00:06:38,808568,808340,808568,0.1,0.0958,12967.01743511,9829.30169752,254122.89403232
"42",2017-11-08 00:06:39,808310,808201,808308,0.1,0.09000322,12929.43378408,9829.37571998,254110.99512617
"43",2017-11-08 00:06:40,808201,808200,808308,10.97776473,0.09000322,12926.93478429,9838.8928971,254101.00412617
"44",2017-11-08 00:06:42,808307,808201,808307,0.05,0.1828,12937.92878656,9864.22670426,254089.3605285
"45",2017-11-08 00:06:43,808340,808200,808340,6.72298673,0.51212385,12916.87000807,9866.98120068,254089.59680587
"46",2017-11-08 00:06:44,808340,808200,808306,6.72298673,7,12922.53000856,9875.03719771,254089.59680587
"47",2017-11-08 00:06:45,808899,808270,808899,3,1.72412187,12913.43100758,9877.66419796,254100.29980587
"48",2017-11-08 00:06:46,808900,808201,808898,0.6,1.2,12909.32220771,9877.54419871,254104.56110587
"49",2017-11-08 00:06:47,807662,808218,808450,0.11,0.02,12915.34920944,9881.02758251,254116.25110587
"50",2017-11-08 00:06:48,808370,808202,808370,2,0.57000297,12915.42807808,9893.65167647,254116.09790579
"51",2017-11-08 00:06:49,808370,808271,808370,0.5427,0.56000297,12911.90077709,9873.90237647,254115.5451526
"52",2017-11-08 00:06:50,807662,808000,808369,0.02,0.6,12912.40335816,9871.22905383,254120.54335334
"53",2017-11-08 00:06:51,807662,808000,808369,0.02,7.6,12909.87935797,9806.63865654,254120.11155408
"54",2017-11-08 00:06:52,807700,807763,807999,0.11,7,12931.94135994,9816.52065654,254119.33155408
"55",2017-11-08 00:06:53,807999,807762,807999,10,6.98,12928.93335846,9802.14834964,254117.35155408
"56",2017-11-08 00:06:54,808000,808000,808270,19.02,0.20932288,12952.0933587,9793.47434964,254123.85815278
"57",2017-11-08 00:06:55,808000,808001,808270,2,0.20932288,12949.18365598,9806.71735361,254124.49815575
"58",2017-11-08 00:06:56,808260,808002,808260,0.24,0.09,12949.51945598,9820.28566106,254124.18245619
"59",2017-11-08 00:06:57,808260,808005,808260,3,0.09,12962.34945647,9807.40498072,254124.13245619
"60",2017-11-08 00:06:58,808200,808005,808202,3,0.00179906,12980.70945573,9852.19715515,254121.33745619
"61",2017-11-08 00:06:59,808270,808006,808271,9,6,13008.84656237,9854.34602899,254121.73445619
"62",2017-11-08 00:07:00,808007,808007,808270,2.78,1.44,12999.00646187,9837.14125137,254121.75445789
"63",2017-11-08 00:07:01,808007,808007,808270,2.78,1.44,12999.43846187,9837.14125137,254121.75445789
"64",2017-11-08 00:07:02,808271,808164,808271,0.005,1.2,13003.14765287,9832.58125212,254126.77945619
"65",2017-11-08 00:07:03,808016,808016,808238,2.505,0.11,12994.17015238,9833.42192701,254127.27275692
"66",2017-11-08 00:07:04,808369,808271,808369,2,2.71,12974.81765164,9833.25304845,254124.27095766
"67",2017-11-08 00:07:05,808599,808503,808599,0.8,0.43700075,13001.75633911,9841.82304994,254123.74685766
"68",2017-11-08 00:07:06,808002,808000,808002,17.85999703,6.6674256,12958.20376471,9851.47647554,254167.07943206
"69",2017-11-08 00:07:08,808002,808000,808002,12.53999703,3.9303256,12947.1957655,9852.10417602,254169.62233206
"70",2017-11-08 00:07:09,808001,808000,808001,11.24859703,0.6417,12951.16136599,9852.09307676,254157.53895134
"71",2017-11-08 00:07:10,808002,808016,808160,13.6737744,0.00199968,12968.27664014,9848.40685017,254160.87517694
"72",2017-11-08 00:07:12,808270,808021,808270,0.005,0.99919968,12961.80213941,9858.22045156,254162.81167694
"73",2017-11-08 00:07:13,808270,808017,808270,6.905,0.1178,12958.22214016,9861.39825106,254160.83387694
"74",2017-11-08 00:07:14,808017,808016,808270,11.7737744,1,12947.33514016,9853.78045082,254160.84967694
"75",2017-11-08 00:07:17,808017,808018,808255,0.24250032,1.0857,12970.1182388,9956.96795992,254153.60507939
"76",2017-11-08 00:07:18,808017,808046,808255,20,1.0857,12994.16693925,10004.36078366,254128.6854266
"77",2017-11-08 00:07:19,808226,808161,808254,0.01,0.46,12995.38294054,9887.88538366,254129.7854266
"78",2017-11-08 00:07:21,808016,808016,808255,3.08497486,0.0757,12967.52564002,9889.8665839,254156.48722606
"79",2017-11-08 00:07:23,808016,808016,808255,2.22767486,0.0757,12974.16644027,9847.14198141,254157.43222606
"80",2017-11-08 00:07:24,808268,808016,808267,2.22767486,0.22,12974.46644027,9850.86068141,254154.95222558
"81",2017-11-08 00:07:25,808270,808016,808266,2.22767486,1.1148,12974.46644027,9859.1347824,254152.84222558
"82",2017-11-08 00:07:27,808000,807575,808000,18.23000123,45.35352811,12952.85316717,9913.11618757,254175.39869775
"83",2017-11-08 00:07:28,807575,807575,807764,17.63300123,7,12954.87316941,9919.76601037,254169.60007828
"84",2017-11-08 00:07:29,807575,807575,807764,0.27300123,8.5965,12944.11316941,9925.05213375,254185.32567828
"85",2017-11-08 00:07:31,807000,807181,807500,0.60000049,5.12499828,12868.00016828,9928.36963278,254246.50928036
"86",2017-11-08 00:07:32,806690,806690,807131,18.34163961,1.39999951,12856.88016779,9931.72963179,254256.57928085
"87",2017-11-08 00:07:33,807131,806690,807131,18.03164059,0.60717951,12856.59016877,9931.17851056,254264.87610085
"88",2017-11-08 00:07:34,806700,806700,807131,4.913,0.60717951,12860.08727025,9936.78351082,254281.35361138
"89",2017-11-08 00:07:35,807131,806700,806890,4.903,0.002,12866.39067074,9917.3586897,254281.92521138
"90",2017-11-08 00:07:36,807130,806940,807126,0.01,0.005,12878.10466887,9902.90406682,254284.1688117
"91",2017-11-08 00:07:37,806820,806820,806889,9.7,7,12913.45686988,9908.33728364,254285.70731271
"92",2017-11-08 00:07:38,806890,806821,807127,0.14,0.28,12907.20787116,9899.17302483,254288.55931271
"93",2017-11-08 00:07:39,806890,807103,807127,7,0.28,12917.26187116,9889.57302408,254288.55931271
"94",2017-11-08 00:07:40,807199,807103,807199,5.7179,0.13232288,12929.82177116,9885.1603263,254289.76192324
"95",2017-11-08 00:07:41,807499,807113,807499,1.98,0.77592413,12946.0217714,9879.81092605,254300.98192324
"96",2017-11-08 00:07:43,807200,807200,807650,14.94,0.02,12970.17647164,9906.10880197,254291.17902374
"97",2017-11-08 00:07:45,807694,807201,807694,0.24,0.841,12990.95635739,9913.80410154,254284.16432758
"98",2017-11-08 00:07:46,807693,807300,807693,5.68020036,0.2865,13008.19355676,9920.13460154,254284.25432758
"99",2017-11-08 00:07:47,807300,807301,807693,0.14,1.0865,12983.77285562,9900.26756057,254287.79032808
"100",2017-11-08 00:07:48,807695,807300,807695,1.08019986,12.1865,12960.67075417,9889.49506057,254291.81182805
"101",2017-11-08 00:07:51,807355,807355,807644,0.40718,0.11,12961.10585315,9855.34756207,254314.3833488
"102",2017-11-08 00:07:53,808000,808000,808050,13.42871617,0.02,12937.09556907,9841.87441299,254389.82874338
"103",2017-11-08 00:07:54,808000,808000,808271,13.66531617,0.40000075,12930.87216858,9843.98841374,254393.79694238
"104",2017-11-08 00:07:55,808000,808000,808272,7.05531467,1.621,12894.27716782,9845.58841299,254402.52724469
"105",2017-11-08 00:07:56,808000,808000,808592,6.44531442,1.7422,12893.29559612,9839.49761299,254408.27824494
"106",2017-11-08 00:07:57,808270,808270,808271,18.23009925,2.80000025,12922.30037946,9841.89261374,254422.9583216
"107",2017-11-08 00:07:59,808270,808270,808271,5.12408,7.0000005,12978.90389217,9876.15069399,254442.02618297
"108",2017-11-08 00:08:00,808270,808270,808350,11.59908172,11.6,12990.11632266,9872.26272143,254432.68118125
"109",2017-11-08 00:08:01,808270,808011,808270,0.60000049,8.08221835,12996.29591956,9891.27922276,254450.24148371
"110",2017-11-08 00:08:02,808270,808011,808270,0.60000049,7.58221835,12996.29591956,9890.77922276,254448.74148371
"111",2017-11-08 00:08:03,808270,808011,808270,0.06000049,5.58401731,12974.23992061,9891.28602172,254449.42148371
"112",2017-11-08 00:08:05,807999,807600,807989,0.02,2,12945.02947212,9940.24790701,254455.8603882
"113",2017-11-08 00:08:07,807651,807651,807989,6.95,2,12948.06710657,9914.81977733,254454.9213882
"114",2017-11-08 00:08:08,807989,807652,807995,2.25000173,1.2,12940.64050478,9881.77701269,254456.7763882
"115",2017-11-08 00:08:09,807983,807652,807983,3.60000098,0.9422,12954.95510567,9882.71921071,254450.6663882
"116",2017-11-08 00:08:10,807530,807662,807975,2,0.549,12955.17584221,9841.65337109,254453.1363882
"117",2017-11-08 00:08:11,807975,807719,807975,0.0011,0.364,12956.22034221,9855.59337184,254451.3003882
"118",2017-11-08 00:08:12,807662,807663,807975,7.5459,0.364,12967.47964049,9854.30337457,254451.3903882
"119",2017-11-08 00:08:13,807982,807663,807982,7.5459,2.368,12967.49964049,9854.40337457,254451.88038721
"120",2017-11-08 00:08:14,807982,807664,807982,0.4179,0.08,12964.57164099,9852.21537556,254450.39638721
"121",2017-11-08 00:08:16,807800,807910,807996,0.1,18.93419589,12977.78418174,9851.22836827,254479.47758721
"122",2017-11-08 00:08:17,807996,807800,807996,0.2,10.83419589,12975.26872188,9854.90134136,254489.59758721
"123",2017-11-08 00:08:19,807665,807666,807988,0.6,2,12963.08464169,9854.12384224,254497.4447878
"124",2017-11-08 00:08:20,807988,807667,807988,4.17237215,1.96,12953.13401384,9858.88384299,254498.3737878
"125",2017-11-08 00:08:21,807996,807910,807996,0.1,10.31339755,12953.48183447,9852.80304366,254503.17458614
"126",2017-11-08 00:08:23,807996,807975,807996,0.00179956,5.31339755,12963.76496288,9851.34192333,254507.37458614
"127",2017-11-08 00:08:24,807996,807996,808270,0.46910245,0.00479914,12963.75116533,9846.02852578,254512.68798369
"128",2017-11-08 00:08:25,807996,807996,808339,0.39910245,6.30480312,12979.52329412,9833.62352528,254516.66458369
"129",2017-11-08 00:08:26,808339,807996,808339,6,5.91610199,12982.53382073,9761.30512613,254512.10748369
"130",2017-11-08 00:08:27,808339,807997,808000,0.342,0.3,12988.05391947,9736.74012539,254511.10648369
"131",2017-11-08 00:08:29,808020,807999,808299,0.6,1.6579,12989.35129283,9741.14205112,254513.1924737
"132",2017-11-08 00:08:31,808340,808340,808443,45.9981,2.30000298,13042.22043495,9736.05015112,254518.2643737
"133",2017-11-08 00:08:32,808340,808340,808443,45.68360145,2.28900298,13046.80369491,9726.42515013,254518.96466464
"134",2017-11-08 00:08:33,809130,808450,808807,11.68419708,1.20000075,13055.512312,9703.8051484,254552.40417721
"135",2017-11-08 00:08:34,808807,808450,808807,11.65419708,0.47800099,13045.65697351,9703.28345505,254547.11117721
"136",2017-11-08 00:08:35,809333,808566,809333,0.497,16.46228945,13047.54510209,9683.27345505,254567.36517721
"137",2017-11-08 00:08:36,809333,808566,808852,0.297,0.1,13030.87380209,9683.2946558,254578.17627721
"138",2017-11-08 00:08:37,808340,808271,808340,1.5,1.89530651,12971.85044385,9692.9898408,254639.25253386
"139",2017-11-08 00:08:38,808852,808452,808852,2.31106564,0.067,12965.56150875,9705.62609389,254640.81484037
"140",2017-11-08 00:08:39,808850,808807,808900,0.9532,8.954,12978.87751198,9704.55980603,254640.8759669
"141",2017-11-08 00:08:40,808807,808807,808851,0.5542,6.6,12966.6484461,9739.47280703,254642.3152828
"142",2017-11-08 00:08:42,808567,808568,808851,0.03,0.455,12978.98524777,9742.01011589,254647.34631455
"143",2017-11-08 00:08:43,808851,808851,808899,0.0031,0.21775812,12986.49561357,9748.07111614,254647.54425121
"144",2017-11-08 00:08:44,808568,808800,808900,0.02,9.923,12984.89937917,9773.2566164,254649.53425121
"145",2017-11-08 00:08:46,808807,808800,808807,0.02,0.032,12982.66507913,9780.19561665,254649.86575121
"146",2017-11-08 00:08:47,808900,808569,808900,0.2661,6.013,12977.92407738,9772.54159167,254655.42095121
"147",2017-11-08 00:08:48,808800,808728,808800,0.001,11.738,12981.76174658,9788.23362686,254659.08525121
"148",2017-11-08 00:08:50,808800,808572,808798,0.2879,0.6,13043.285429,9777.85286949,254670.44825121
"149",2017-11-08 00:08:52,808800,808573,808727,0.60000024,0.14,13044.39752777,9768.50562511,254670.44825121
"150",2017-11-08 00:08:53,808068,808068,808728,1.8068,1,13035.10432753,9772.37572661,254672.44825121
"151",2017-11-08 00:08:54,808068,808402,808727,0.0984,0.34,12998.25494496,9775.54412686,254673.2270752
"152",2017-11-08 00:08:55,808068,808070,808727,0.19,0.6,12998.15654496,9763.9026276,254671.2070752
"153",2017-11-08 00:08:56,808069,808069,808726,8.59390049,1.976,12997.75144644,9770.1726276,254672.23557603
"154",2017-11-08 00:08:58,808725,808189,808571,4.35000147,0.00149897,13015.40854639,9766.96002432,254667.10377481
"155",2017-11-08 00:08:59,808724,808189,808724,13.95000221,0.92925709,13027.81954713,9764.52912556,254666.67377481
"156",2017-11-08 00:09:00,808189,808405,808723,0.01,0.38,13016.02854811,9758.18002432,254669.67288867
"157",2017-11-08 00:09:01,808725,808405,808723,0.01,2,13015.42730525,9745.82002283,254679.96096867
"158",2017-11-08 00:08:58,808210,808210,808723,4.51,0.22,13020.34937031,9718.84202532,254679.90475832
"159",2017-11-08 00:08:59,808210,808210,808722,4.51,0.09,13018.34937031,9708.32186427,254679.89096867
"160",2017-11-08 00:09:00,809000,808406,808685,7,1,13045.41325041,9710.25786602,254689.78896867
"161",2017-11-08 00:09:01,808415,808415,809000,0.6,8.14399928,13041.85389229,9712.81786651,254691.26976867
"162",2017-11-08 00:09:03,809000,808500,809000,1,11.14399928,13054.93378485,9715.03876602,254689.17506867
"163",2017-11-08 00:09:04,809000,808501,808900,1.80000147,4,13018.2624045,9707.69866551,254685.88006867
"164",2017-11-08 00:09:05,808500,808568,808780,1,5,12995.54370279,9723.20826527,254685.91406867
"165",2017-11-08 00:09:06,808780,808599,808900,0.6,4,13020.83670279,9719.10826602,254690.23282674
"166",2017-11-08 00:09:07,808900,808800,808900,0.3,1,13030.2232249,9716.30926632,254693.12282674
"167",2017-11-08 00:09:08,808900,808800,808900,0.3,1.18,13030.84766607,9714.31883289,254693.94798089
"168",2017-11-08 00:09:09,808900,808800,808900,0.3,1.18,13030.74766607,9641.25883239,254694.43798089
"169",2017-11-08 00:09:11,809333,808801,809333,7.5583,3.4182079,12999.89931902,9627.54706812,254719.19960012
"170",2017-11-08 00:09:12,809333,808801,809333,7.5583,3.4182079,12964.43991755,9628.54706812,254718.2995994
"171",2017-11-08 00:09:13,809333,809000,809333,1,3.3962079,12962.63250028,9630.21506812,254716.3535994
"172",2017-11-08 00:09:14,809272,809001,809272,7.6,0.989,12975.17238623,9622.23606662,254716.0725994
"173",2017-11-08 00:09:15,809001,809001,809333,7.49850023,2.5852079,12965.15116385,9632.08006837,254717.58409917
"174",2017-11-08 00:09:16,809472,809272,809472,0.5368,38.7742079,12965.9115646,9615.32796837,254731.97509917
"175",2017-11-08 00:09:17,809471,809002,809471,0.6,1.989,12954.68476436,9603.04396837,254758.92312503
"176",2017-11-08 00:09:19,809600,809580,809600,0.2887921,0.96,12969.15995696,9582.27376319,254785.59012712
"177",2017-11-08 00:09:20,809699,809472,809700,1.0781921,5,12961.90195696,9589.67376096,254792.14062717
"178",2017-11-08 00:09:21,809700,809580,809700,5,3.94190025,12949.5797651,9596.81566245,254798.32422697
"179",2017-11-08 00:09:22,809600,809600,809699,0.4175,0.8,12970.44526569,9593.70766245,254807.68287868
"180",2017-11-08 00:09:23,809699,809601,809699,0.03,0.789,12976.74226567,9608.40006121,254807.30019868
"181",2017-11-08 00:09:24,809700,809700,809709,0.69759975,0.3,12951.44086497,9623.99677485,254815.64949893
"182",2017-11-08 00:09:25,809700,809580,809708,3.10050023,0.59,12957.66244633,9614.22277311,254817.29499893
"183",2017-11-08 00:09:26,809500,809495,809500,0.03,5.86849977,12943.6247645,9634.53327213,254822.2423268
"184",2017-11-08 00:09:27,809500,809430,809500,0.829,5.17749977,12943.5777645,9617.05047263,254822.95332181
"185",2017-11-08 00:09:28,810000,809430,809580,0.829,0.00149957,12910.1551645,9540.7163722,254822.08180131
"186",2017-11-08 00:09:29,809500,809431,809500,1.20000098,4.9,12907.35516548,9549.22537023,254828.32280131
"187",2017-11-08 00:09:30,809448,809001,809448,0.391,0.407,12887.24316548,9694.70487097,254810.17323371
"188",2017-11-08 00:09:31,809270,809270,809500,0.0652,8.412,12867.24136598,9621.70967022,254804.19523413
"189",2017-11-08 00:09:32,809270,809270,809500,0.0452,6.912,12820.05747321,9641.73507127,254806.22223512
"190",2017-11-08 00:09:33,809003,809003,809470,1.08000024,1,12852.79486513,9665.5129774,254798.06473591
"191",2017-11-08 00:09:35,809470,809270,809470,0.01,0.1,12860.20926563,9659.16547816,254784.83923591
"192",2017-11-08 00:09:38,809051,809051,809400,3.28000246,1,12860.6239768,9644.4895752,254749.52823591
"193",2017-11-08 00:09:39,809488,809294,809488,0.01,5.8866,12861.31107483,9635.4372752,254753.61763591
"194",2017-11-08 00:09:40,809052,809052,809400,0.4063,1,12858.00696415,9621.04167495,254731.73763591
"195",2017-11-08 00:09:41,809333,809063,809333,0.56,0.8,12873.11868192,9615.9826747,254728.38395591
"196",2017-11-08 00:09:42,809444,809488,809499,2.728,1.6,12878.07492389,9619.10567669,254731.14337416
"197",2017-11-08 00:09:43,809488,809488,809499,2.72320056,1.6,12893.64356499,9629.41527711,254725.34397166
"198",2017-11-08 00:09:45,809488,809488,809498,1.69850056,0.63,12882.31316586,9624.34297487,254725.07780079
"199",2017-11-08 00:09:46,809499,809498,809499,0.05,1.47,12900.29556685,9623.71017562,254722.39990059
"200",2017-11-08 00:09:47,809200,809200,809499,9.76850056,1.47,12908.28556685,9635.91017686,254724.13270059
"201",2017-11-08 00:09:48,809500,809200,809500,7.76850056,3.242,12908.4755666,9616.14017711,254730.92390059
"202",2017-11-08 00:09:49,809499,809201,809499,9.58890049,0.50520076,12913.68256709,9616.54637801,254730.89429983
"203",2017-11-08 00:09:50,809201,809202,809500,0.6,1.74720076,12937.41724722,9614.54637801,254732.16479961
"204",2017-11-08 00:09:51,809202,809203,809488,6.7790092,0.00149977,12930.02187506,9600.91687529,254688.49648286
"205",2017-11-08 00:09:53,809203,809203,809377,3.7840092,0.2,12924.5746758,9603.54537677,254687.36139992
"206",2017-11-08 00:09:54,809203,809203,809376,2.38400994,0.4767,12932.03867678,9239.06507702,254682.87139851
"207",2017-11-08 00:09:55,809203,809201,809375,9.40000196,0.4767,12929.75466684,9252.26707679,254681.34504657
"208",2017-11-08 00:09:56,809666,809500,809666,7.96630122,0.76247995,12932.23114636,9236.05863524,254679.64194309
"209",2017-11-08 00:09:58,809501,809500,809501,7.67790122,0.905,12939.64457738,9242.31263623,254670.0415416
"210",2017-11-08 00:09:59,809501,809500,809501,7.67790122,0.903,12926.53756646,9243.05663728,254660.72054089
"211",2017-11-08 00:10:00,809500,809500,809501,7.46790122,0.903,12926.91666646,9252.64573803,254657.37082939
"212",2017-11-08 00:10:01,809500,809500,809501,0.27870122,0.903,12917.64046572,9241.84773703,254658.60903225
"213",2017-11-08 00:10:03,809201,809201,809430,0.92401456,0.1,12899.19477759,9257.41733802,254661.59639481
"214",2017-11-08 00:10:04,809215,809215,809430,0.9684,0.09,12919.56826511,9255.84863766,254655.31799481
"215",2017-11-08 00:10:05,809430,809200,809429,2.69292201,7,12912.80708522,9258.24583753,254660.13166027
"216",2017-11-08 00:10:06,809429,809200,809429,2.69292201,6.89820014,12912.83708522,9256.60403742,254654.44015013
"217",2017-11-08 00:10:07,809200,809200,809430,0.6449289,0.14720036,12915.68709309,9250.70583753,254652.83798046
"218",2017-11-08 00:10:10,809202,809202,809427,1.978,0.19,12909.98449431,9249.45933753,254655.620581
"219",2017-11-08 00:10:13,809202,809101,809238,4.80000024,0.01,12922.90544657,9267.73503783,254652.3840962
"220",2017-11-08 00:10:14,809101,809101,809238,0.01200969,0.01,12909.73903268,9262.54103849,254656.44549528
"221",2017-11-08 00:10:16,809100,809100,809144,0.92401928,0.01,12915.52190207,9259.84803699,254652.85799433
"222",2017-11-08 00:10:18,809235,809100,809235,0.93202002,0.29280105,12921.04290256,9269.49869559,254648.16558875
"223",2017-11-08 00:10:19,809235,809100,809235,0.93202002,0.29280105,12909.04390158,9270.72869782,254647.15558875
"224",2017-11-08 00:10:20,809100,809100,809234,0.63202002,7,12918.89690182,9267.53589602,254647.34157999
"225",2017-11-08 00:10:21,809234,809100,809234,0.63202002,6.7,12929.5349028,9250.19889453,254647.64157999
"226",2017-11-08 00:10:22,809144,809100,809142,0.63202002,0.00850083,12904.57790304,9243.84619696,254647.14307916
"227",2017-11-08 00:10:24,809101,809100,809101,0.63202002,14.99280105,12950.75889489,9240.60999758,254642.05527811
"228",2017-11-08 00:10:25,809101,809100,809101,0.63202002,14.99280105,12950.73889489,9235.51719554,254642.05527811
"229",2017-11-08 00:10:26,809100,809100,809101,0.03202002,14.99280105,12956.49989637,9240.41869595,254640.74290211
"230",2017-11-08 00:10:28,809549,809101,809377,10,0.2,12946.39439612,9210.6967967,254657.05070129
"231",2017-11-08 00:10:29,809377,809189,809377,0.533,0.1,12946.92739612,9210.19679156,254655.7859009
"232",2017-11-08 00:10:30,809189,809203,809377,7,0.1,12947.58239588,9232.11479231,254648.311608
"233",2017-11-08 00:10:31,809189,809204,809300,0.92,0.01,12951.27889563,9245.56479494,254647.186608
"234",2017-11-08 00:10:32,809376,809204,809376,0.6,6.94879893,12950.27011589,9232.10759213,254649.57855751
"235",2017-11-08 00:10:33,809203,809203,809367,6.36,0.01,12954.40390975,9244.35179568,254638.8589095
"236",2017-11-08 00:10:34,809203,809203,809367,5.8575,0.00199926,12950.72051852,9244.75479494,254638.30751981
"237",2017-11-08 00:10:35,809203,809288,809366,1,7,12967.75061876,9252.92279593,254636.95411981
"238",2017-11-08 00:10:36,809203,809288,809365,1,0.6,12968.55911876,9258.09079593,254634.60185543
"239",2017-11-08 00:10:37,809366,809288,809367,1,0.00199926,13028.51521876,9250.29579593,254638.13265543
"240",2017-11-08 00:10:38,809289,809289,809367,2.1356,0.00199926,13032.60291876,9254.83279593,254637.24265543
"241",2017-11-08 00:10:39,809289,809290,809302,0.6,0.01,13034.21291901,9235.7237942,254632.81265543
"242",2017-11-08 00:10:40,809302,809290,809367,0.92,0.00199926,13032.5573195,9228.28079667,254628.31561529
"243",2017-11-08 00:10:43,809291,809292,809365,0.29,7,13031.31513043,9226.76039717,254627.3682939
"244",2017-11-08 00:10:44,809700,809292,809700,0.19,1.3463392,13031.33963043,9204.42289717,254645.3682939
"245",2017-11-08 00:10:45,809303,809365,809500,1.9062,0.6,13031.13759981,9190.42189553,254648.66617251
"246",2017-11-08 00:10:46,809365,809648,809697,1.5,0.37,13041.73216506,9202.13255778,254650.15527002
"247",2017-11-08 00:10:48,810000,809770,810000,5,26.70368297,13051.16962523,9144.74555678,254651.71800004
"248",2017-11-08 00:10:49,810000,809770,809908,5,0.37,13051.21862523,9139.51555579,254652.54150107
"249",2017-11-08 00:10:50,809908,809890,809908,2,0.35765,13053.40562597,9138.60320529,254650.67154566
"250",2017-11-08 00:10:51,810000,809770,810000,5,11.70368297,13041.45572201,9124.63555479,254662.70592505
"251",2017-11-08 00:10:52,810100,809899,810100,1.6668,19.27868297,13051.10442621,9116.34055629,254673.89370083
"252",2017-11-08 00:10:53,810100,809900,810100,0.6,15.58868297,13062.26142547,9122.65055629,254677.24973736
"253",2017-11-08 00:10:54,810100,810100,810191,7.41131703,0.014,13082.84184142,9125.84787307,254692.38801941
"254",2017-11-08 00:10:55,810100,810100,810191,5.81131703,0.014,13078.84874318,9131.30087545,254693.34831531
"255",2017-11-08 00:10:57,810101,810101,810399,0.36000092,1.72000254,12981.87194342,9190.94787792,254689.8859735
"256",2017-11-08 00:10:58,810101,810101,810399,0.36000092,1.72000254,12981.87194342,9195.74787891,254689.290974
"257",2017-11-08 00:11:00,810400,810103,810397,2.1021,0.2178,12991.66772528,9196.21367891,254688.93085131
"258",2017-11-08 00:11:01,810400,810104,810400,0.732,5.50580254,12989.16772528,9195.52367989,254691.49891944
"259",2017-11-08 00:11:02,810400,810104,810399,2.303,1.2,12980.28162479,9196.82167989,254691.40078935
"260",2017-11-08 00:11:03,810398,810105,810398,7,0.08,12999.18762479,9177.30117989,254691.43378935
"261",2017-11-08 00:11:04,810399,810106,810399,0.6,1.147,12998.96362528,9170.05277841,254691.43378935
"262",2017-11-08 00:11:05,810400,810106,810400,1.9243,3.63280254,12981.9300245,9174.58377782,254695.38978935
"263",2017-11-08 00:11:06,810400,810102,810399,3.1,0.6,12973.6750232,9177.75077856,254695.02428862
"264",2017-11-08 00:11:08,810107,810107,810250,6.83,0.00179946,12995.55062643,9198.43485878,254696.44618925
"265",2017-11-08 00:11:09,810447,810108,810405,0.033,0.002,12996.09262643,9215.39755977,254697.66198925
"266",2017-11-08 00:11:10,810447,810108,810447,0.033,2.97750841,12996.60160527,9214.26073279,254698.32386676
"267",2017-11-08 00:11:11,810108,810108,810447,0.0237,2.97750841,12989.44040179,9213.76073329,254699.27787121
"268",2017-11-08 00:11:12,810447,810109,810447,7,2.81650841,12997.27428191,9194.79973354,254694.37887121
"269",2017-11-08 00:11:14,810250,810110,810250,0.5415,5.58720076,12993.79939894,9189.38693356,254695.94363269
"270",2017-11-08 00:11:15,810250,810110,810250,0.5415,4.58720076,12995.98151858,9190.05825059,254690.98659054
"271",2017-11-08 00:11:16,810110,810110,810399,0.4415,1.1972015,12995.67939894,9172.36825058,254695.8765898
"272",2017-11-08 00:11:17,810110,810110,810249,0.9755,0.03,12996.19551858,9179.59825082,254695.8765898
"273",2017-11-08 00:11:18,810102,810251,810399,3.9238279,0.7272015,12980.75170991,9168.89825132,254700.0765898
"274",2017-11-08 00:11:19,810251,810251,810399,2.91902816,0.7272015,12992.17763044,9179.51005259,254696.87138882
"275",2017-11-08 00:11:20,810251,810349,810399,0.01,0.6772015,12991.09713082,9170.89385185,254699.00736954
"276",2017-11-08 00:11:21,810399,810256,810398,0.776,0.6,12992.14603095,9171.47825185,254698.55446941
"277",2017-11-08 00:11:23,810000,809924,810000,0.01,3.69155096,12973.96698191,9162.51880203,254724.70291845
"278",2017-11-08 00:11:24,810000,810103,810359,2.65024904,2,12972.89343144,9158.0842511,254719.79446941
"279",2017-11-08 00:11:25,810000,810103,810359,2.65024904,2,12966.09343095,9156.8842511,254717.79446941
"280",2017-11-08 00:11:26,810103,810103,810359,1.51624904,2,12973.97783242,9167.68425333,254717.52846941
"281",2017-11-08 00:11:27,810103,810256,810359,0.01,2,12972.3818528,9165.05715363,254715.52846941
"282",2017-11-08 00:11:28,810103,810256,810359,0.01,2,12978.34423119,9160.65715412,254714.32846941
"283",2017-11-08 00:11:30,810103,810104,810358,0.6,1.134,12938.00145157,9172.39925511,254717.16119137
"284",2017-11-08 00:11:31,810359,810104,810359,0.6,1.81730086,12959.99113346,9171.26045597,254718.06999051
"285",2017-11-08 00:11:32,810359,810104,810358,0.6,0.6,12959.48613356,9181.96045597,254714.85899051
"286",2017-11-08 00:11:33,810256,810104,810357,0.6,0.28,12960.05613356,9176.54045572,254709.16699051
"287",2017-11-08 00:11:34,810104,810259,810358,0.002,0.6,12960.05663369,9171.64345572,254703.36849038
"288",2017-11-08 00:11:35,810104,810104,810357,0.20050013,2,12957.35663295,9193.26145671,254702.49909038
"289",2017-11-08 00:11:36,809609,809600,809609,0.02,0.35784868,12948.88333115,9195.92975418,254703.5708923
"290",2017-11-08 00:11:37,810447,809600,810420,0.02,0.19475402,12983.16313154,9201.78268471,254707.58139243
"291",2017-11-08 00:11:39,809865,809801,809865,0.68,6.9622,12994.86785077,9216.74470409,254707.03328284
"292",2017-11-08 00:11:40,809800,809800,809865,4.17850043,6.9622,12976.88235022,9223.45770483,254712.02758316
"293",2017-11-08 00:11:41,809800,809800,809865,2.08450043,6.6433,13016.05745148,9230.21480509,254712.45028316
"294",2017-11-08 00:11:42,809865,809800,809865,2.08450043,6.421,12952.05955087,9225.7849041,254712.11258316
"295",2017-11-08 00:11:43,809865,809857,809865,0.01,6.3281,12928.82195235,9214.66220481,254708.62500103
"296",2017-11-08 00:11:44,809865,809857,809865,0.01,6.3281,12906.9983521,9197.43820407,254708.56500103
"297",2017-11-08 00:11:45,809291,809291,809865,7.97699981,6.3281,12895.93815467,9195.47952963,254711.27082508
"298",2017-11-08 00:11:47,809293,809294,809864,0.13,1.9851,12894.37415295,9179.52662864,254709.03445099
"299",2017-11-08 00:11:48,809400,809400,809864,7.56,1.9851,12910.49127695,9187.73382943,254710.03715099
"300",2017-11-08 00:11:50,809862,809401,809862,0.60000049,1.8929,12924.29431684,8938.11353042,254700.90789588
"301",2017-11-08 00:11:51,809862,809401,810000,0.60000049,0.4,12913.09431684,8936.99663042,254700.90789588
"302",2017-11-08 00:11:54,810000,809401,810000,0.80000049,0.396,12912.27915746,8937.11562996,254694.64143408
"303",2017-11-08 00:11:55,810000,809402,809998,0.53149987,7,12909.53505436,8936.1770291,254693.14143408
"304",2017-11-08 00:11:56,809411,809411,809998,1.5,0.54579691,12917.13345534,8930.52282663,254693.75303558
"305",2017-11-08 00:11:57,810000,810000,810050,5.86060309,0.02,12922.55805818,8918.88102847,254697.39243249
"306",2017-11-08 00:11:58,810000,810001,810160,0.53149987,0.554,12917.76763731,8918.88202877,254700.14655262
"307",2017-11-08 00:11:59,810001,810001,810160,1.69039987,0.554,12918.94045571,8941.03202802,254698.51555262
"308",2017-11-08 00:12:01,810000,810000,810146,0.00958283,0.32,12917.22941367,8951.23632902,254700.24355262
"309",2017-11-08 00:12:02,810398,810000,810397,0.00958283,0.60000099,12917.75241343,8953.30523075,254701.72355262
"310",2017-11-08 00:12:03,810172,810172,810298,0.1,0.2641,12909.2268132,8959.88393062,254702.44355262
"311",2017-11-08 00:12:04,810172,810172,810357,0.1,0.53149987,12898.97083171,8960.82352992,254701.77235262
"312",2017-11-08 00:12:05,810172,810202,810356,1,0.34,12911.13671256,8961.47183162,254699.77235262
"313",2017-11-08 00:12:06,810202,810202,810356,0.99849993,0.6447,12913.44820476,8952.49203107,254697.36188447
"314",2017-11-08 00:12:07,810408,810202,810408,0.99370109,0.8047005,12904.2431899,8954.93453021,254697.03366599
"315",2017-11-08 00:12:08,810002,810002,810050,1.94110013,0.02,12928.82077301,8948.4012314,254704.93752553
"316",2017-11-08 00:12:09,810408,810007,810407,0.005,0.21788036,12935.75257386,8947.99611349,254705.64162553
"317",2017-11-08 00:12:10,810408,810007,810354,0.005,0.6983,12927.57697311,8944.1734125,254704.98752553
"318",2017-11-08 00:12:11,810354,810007,810408,0.005,0.75218345,12921.90127434,8950.67611279,254701.83752553
"319",2017-11-08 00:12:12,810354,810050,810324,0.00179996,1,12925.1751744,8956.59393393,254701.31752553
"320",2017-11-08 00:12:13,810354,810050,810323,0.00179996,0.03700026,12929.59987415,8957.17881145,254698.80362553
"321",2017-11-08 00:12:15,810354,810050,810354,0.00179996,1.96398062,12936.01886748,8954.58791294,254696.24787398
"322",2017-11-08 00:12:16,810354,810051,810354,0.4689,1.96398062,12944.90376699,8959.37711393,254696.39787398
"323",2017-11-08 00:12:18,810354,810254,810301,0.002,0.3,12943.18944226,8958.48011394,254686.86939571
"324",2017-11-08 00:12:19,810354,810254,810301,0.002,0.3,12952.27564275,8956.84631171,254686.26979571
"325",2017-11-08 00:12:20,810354,810254,810301,0.002,0.3,12954.45774226,8950.05831221,254686.26979571
"326",2017-11-08 00:12:21,810254,810054,810301,1.873,0.3,12968.57574324,8950.30621221,254685.63089571
"327",2017-11-08 00:12:22,810054,810055,810301,0.6,0.3,12979.91274324,8964.87831221,254684.44057233
"328",2017-11-08 00:12:24,810061,810061,810202,0.1,1.45398062,12984.56782742,8959.81609121,254665.37165399
"329",2017-11-08 00:12:25,810061,810061,810202,0.05,1.45398062,12982.11372742,8952.73309146,254665.08365399
"330",2017-11-08 00:12:26,810201,810060,810201,2,5.6321,12982.74015192,8967.29309096,254658.77157886
"331",2017-11-08 00:12:27,810201,810062,810201,0.05,4.6321,12983.36842742,8969.75611133,254653.06700624
"332",2017-11-08 00:12:28,810201,810062,810109,0.05,1,12968.91492522,9199.07401183,254649.97340624
"333",2017-11-08 00:12:29,810109,810062,810109,3.3368,0.998,12988.39534996,9196.97201084,254640.82540624
"334",2017-11-08 00:12:30,810200,810067,810108,0.005,0.55,12989.83442718,9186.3970101,254636.73740624
"335",2017-11-08 00:12:31,810318,810063,810318,0.9743,1.82698062,12988.71466309,9192.99701084,254636.19138686
"336",2017-11-08 00:12:32,810318,810067,810318,0.006,0.82698062,12986.13098544,9189.59701158,254633.68938738
"337",2017-11-08 00:12:33,810318,810067,810318,0.006,0.82698062,12992.44784606,9192.55701108,254632.27588865
"338",2017-11-08 00:12:34,810064,810064,810317,0.93561874,0.048,12990.72803731,9209.03701084,254626.50585894
"339",2017-11-08 00:12:35,810354,810301,810354,1.45398062,0.37498062,12995.13010017,9199.80721101,254617.51385894
"340",2017-11-08 00:12:36,810301,810301,810353,0.95398062,0.048,13000.98342442,9205.76421101,254616.60385894
"341",2017-11-08 00:12:37,810301,810301,810353,0.95398062,0.048,13004.73812516,9234.07201101,254616.75485956
"342",2017-11-08 00:12:38,810420,810301,810420,0.95398062,0.92783304,13002.96090509,9241.25465034,254618.39794504
"343",2017-11-08 00:12:39,810301,810301,810419,0.94398062,0.22,12996.25720376,9236.57195009,254617.17664596
"344",2017-11-08 00:12:41,810447,810385,810447,0.01,1.47404313,13001.81330449,9219.0679486,254618.02994596
"345",2017-11-08 00:12:42,810447,810385,810447,0.01,1.47404313,12992.21630375,9212.4229486,254617.06994596
"346",2017-11-08 00:12:43,810447,810427,810447,0.01,1.37404313,12974.43730326,9210.2199486,254616.26994596
"347",2017-11-08 00:12:44,810447,810427,810447,0.01,0.37404313,12963.45799738,9203.1459486,254616.04557017
"348",2017-11-08 00:12:45,810450,810302,810450,1.80000074,0.00124308,12950.49819668,9196.65314855,254614.97697017
"349",2017-11-08 00:12:46,810499,810400,810499,2,1.09634308,12967.61371753,9193.23274905,254615.05697017
"350",2017-11-08 00:12:47,810499,810400,810500,2,1.21,12956.45471655,9195.02640547,254610.08147017
"351",2017-11-08 00:12:48,810454,810400,810454,2,0.7664,12893.83861631,9200.84900547,254610.28147017
"352",2017-11-08 00:12:51,810360,810216,810352,0.01,6.95699928,12913.41141728,9227.29580532,254621.24747066
"353",2017-11-08 00:12:52,810500,810448,810500,0.484,6.99,12886.06281679,9215.50880532,254636.29617066
"354",2017-11-08 00:12:53,811000,810448,810899,0.484,0.0648,12840.35207214,9242.12900552,254645.27597066
"355",2017-11-08 00:12:54,811000,810449,811000,0.0982,7.47119985,12850.07476163,9236.41100464,254646.78600206
"356",2017-11-08 00:12:55,810448,810216,810351,0.01,5.2118,12768.78026888,9238.24740434,254648.97420206
"357",2017-11-08 00:12:56,811050,810216,810899,0.01,0.1312,12835.83856888,9227.60260434,254669.05420206
"358",2017-11-08 00:12:57,811111,810354,810898,1.5,0.1466,12891.66384448,9208.45400508,254684.05420206
"359",2017-11-08 00:12:58,811500,810355,810897,7,7,12883.60782387,9194.45400583,254702.55420206
"360",2017-11-08 00:12:59,810897,810420,811048,0.20587492,0.193,12970.33478518,9182.634366,254704.55420206
"361",2017-11-08 00:13:00,811500,811052,811450,1.5,2.4,12939.38060042,9182.17136773,254707.12720206
"362",2017-11-08 00:13:01,811449,811052,811449,0.6,6,12921.95080042,9224.63526773,254710.82720206
"363",2017-11-08 00:13:02,811449,811052,811448,0.6,0.6,12902.85150042,9229.89946896,254716.47078087
"364",2017-11-08 00:13:03,811530,811052,811530,0.59850033,36.56760207,12903.38800075,9240.88126847,254723.7719418
"365",2017-11-08 00:13:04,811448,811147,811447,0.553,7,12900.05670016,9244.00656911,254728.63541107
"366",2017-11-08 00:13:05,811148,811148,811225,0.59,0.01,12581.33470138,9221.49747134,254768.57541107
"367",2017-11-08 00:13:06,811500,810422,811500,1.12850229,12.6946038,12576.90470211,9213.69747035,254795.42311107
"368",2017-11-08 00:13:07,810422,810423,811146,0.6,5.9,12574.6831008,9238.03537183,254797.65277931
"369",2017-11-08 00:13:08,811146,810423,811146,2.1866,2.7,12572.18127679,9259.88367208,254801.22098025
"370",2017-11-08 00:13:09,811500,810809,811225,0.01,0.08,12569.71467655,9188.08967085,254844.46789117
"371",2017-11-08 00:13:10,811563,810809,811224,0.01,0.06438126,12568.56140007,9168.85405359,254873.47118025
"372",2017-11-08 00:13:11,811240,811200,811240,0.02,1.7,12569.43140007,9180.27405359,254887.47118025
"373",2017-11-08 00:13:12,811400,811200,811400,0.02,8.7,12569.83640081,9179.67405408,254888.92628025
"374",2017-11-08 00:13:13,810849,810849,811200,0.825,0.0179,12564.89942117,9179.93995408,254889.41028025
"375",2017-11-08 00:13:14,810849,810900,811200,5,0.0179,12577.729421,9184.53290469,254888.92828047
"376",2017-11-08 00:13:15,810900,810901,811399,2,0.25,12572.37042051,9185.74975175,254890.44648121
"377",2017-11-08 00:13:16,810900,810901,811052,2,0.00199988,12572.37042051,9190.75175163,254890.44648121
"378",2017-11-08 00:13:17,811000,810902,811000,3.60000097,1.9792,12570.58041976,9238.22145175,254890.56928109
"379",2017-11-08 00:13:18,811000,810902,811000,5.60000097,1.9792,12572.59991976,9238.82345175,254890.97928109
"380",2017-11-08 00:13:19,810354,810354,810900,1.22287492,7.52999854,12549.6485184,9238.86105004,254898.21178255
"381",2017-11-08 00:13:20,810900,810088,810820,0.89687492,0.1,12548.13151854,9249.9909677,254906.83154464
"382",2017-11-08 00:13:21,810355,810612,810820,0.01,0.1,12550.0468111,9255.68646869,254906.77544536
"383",2017-11-08 00:13:22,810355,810355,810888,3.52132,0.8854,12552.86561183,9248.97466695,254914.89544536
"384",2017-11-08 00:13:23,810355,810541,810750,1.20000098,10.3,12555.64081281,9282.15386794,254911.8171841
"385",2017-11-08 00:13:24,810355,810356,810749,0.48,0.6,12567.70259302,9239.57167,254911.4171841
"386",2017-11-08 00:13:25,810354,810354,810655,0.207,0.02,12563.32959278,9241.12063653,254911.50328479
"387",2017-11-08 00:13:26,810750,810357,810703,0.54,0.023,12564.28959278,9239.52343776,254917.12328479
"388",2017-11-08 00:13:27,810703,810374,810703,1,0.02100042,12566.61819328,9199.14540616,254917.09528437
"389",2017-11-08 00:13:28,810500,810375,810500,1.2,8,12571.7681918,9218.06520624,254918.98798437
"390",2017-11-08 00:13:29,810500,810376,810500,0.6,8,12572.5686918,9218.90190599,254903.78798437
"391",2017-11-08 00:13:30,810377,810377,810500,0.28,4.62999939,12560.23259082,9226.17310588,254905.45798498
"392",2017-11-08 00:13:31,810500,810378,810500,1.2,4.02969939,12565.8165159,9227.08454631,254897.75798498
"393",2017-11-08 00:13:32,810500,810378,810399,1.2,0.01,12567.47031664,9211.95054507,254899.00798498
"394",2017-11-08 00:13:33,810500,810379,810749,0.6,0.6,12567.89724482,9220.79684622,254897.07768437
"395",2017-11-08 00:13:34,810749,810500,810743,4.7,2,12603.83621762,9241.87504721,254897.34768437
"396",2017-11-08 00:13:35,810743,810500,810743,4.7,1.88,12602.54831762,9256.18319594,254891.25068395
"397",2017-11-08 00:13:36,810743,810501,810742,0.6,0.2567,12602.32131713,9230.6060281,254891.26068395
"398",2017-11-08 00:13:37,810742,810501,810742,0.6,0.2467,12592.24331619,9269.95922934,254890.27068395
"399",2017-11-08 00:13:38,810742,810502,810742,1.7292,0.2467,12600.37251643,9266.3202281,254882.44722518
"400",2017-11-08 00:13:39,810743,810502,810743,1.7182,1.51669951,12596.59151545,9258.67422736,254874.42942258
"401",2017-11-08 00:13:40,810502,810503,810743,1.80000049,1.51669951,12597.09151594,9256.6445291,254875.42762302
"402",2017-11-08 00:13:41,810741,810201,810656,4.12699969,1,12587.09351594,9252.14412719,254885.32762328
"403",2017-11-08 00:13:42,810504,810203,810656,2.62000098,0.4,12580.90351594,9251.88512694,254887.5536239
"404",2017-11-08 00:13:43,810419,810544,810655,1.04990024,0.6,12587.74991635,9241.8807288,254887.6037239
"405",2017-11-08 00:13:44,810655,810404,810655,0.002,0.1,12610.01251783,9241.54613045,254886.6037239
"406",2017-11-08 00:13:45,810655,810404,810655,0.002,0.05,12607.19001685,9241.25273045,254886.2537239
"407",2017-11-08 00:13:46,810655,810500,810655,0.1,0.05,12602.4060377,9227.20322872,254884.9537239
"408",2017-11-08 00:13:47,810655,810500,810654,0.1,0.2579,12587.02001587,9227.15112773,254884.7537239
"409",2017-11-08 00:13:48,810654,810654,810742,0.94,0.3426,12602.23231709,9236.69373045,254885.80192404
"410",2017-11-08 00:13:49,810500,810500,810743,0.03,1.51459951,12606.47001783,9236.33532847,254886.77208531
"411",2017-11-08 00:13:50,810800,810306,810737,2.38200074,0.005,12605.46001783,9240.43032946,254893.60208531
"412",2017-11-08 00:13:51,810499,810500,810737,1.2363,0.005,12604.67701903,9239.56032872,254894.76208531
"413",2017-11-08 00:13:52,810749,810742,810749,5.995,4.5,12612.58704844,9233.3353265,254895.26708531
"414",2017-11-08 00:13:53,810742,810742,810800,5.395,2.20459976,12608.45010015,9287.53632798,254902.85268531
"415",2017-11-08 00:13:54,811111,810742,811111,5.395,1.97580001,12628.21109966,9271.91632723,254917.85268531
"416",2017-11-08 00:13:55,811397,810799,811397,4.21718,6.688801,12631.4963282,9267.60732773,254924.24450531
"417",2017-11-08 00:13:56,810799,810799,811110,4.21538044,1.04,12611.89472796,9275.64732897,254924.24630487
"418",2017-11-08 00:13:57,811709,810915,811710,0.474,9,12605.64772479,9258.9095268,254946.74630487
"419",2017-11-08 00:13:58,811109,810916,811109,7,0.749,12612.19418145,9267.00032804,254946.73550561
"420",2017-11-08 00:13:59,810936,811200,811710,0.02,5.7794,12610.98166013,9254.78892854,254952.72789771
"421",2017-11-08 00:14:00,811200,810936,811110,0.99520046,0.09,12611.6603616,9260.36502878,254952.74030591
"422",2017-11-08 00:14:01,811110,810941,811430,0.005,0.01,12606.44795988,9259.41732928,254952.03030496
"423",2017-11-08 00:14:02,811110,810941,811248,0.005,0.00479954,12595.6779589,9264.62282684,254951.01290496
"424",2017-11-08 00:14:03,811710,811111,811710,0.65,4.45749954,12602.61205987,9256.93382585,254953.12050559
"425",2017-11-08 00:14:04,811710,811112,811500,7,0.025,12594.23868017,9217.28942808,254953.67050559
"426",2017-11-08 00:14:05,811709,811248,811709,5,15.0616,12585.53867968,9261.89502808,254949.34650559
"427",2017-11-08 00:14:06,811709,811248,811705,5,0.005,12668.52597846,9331.85452882,254949.24650559
"428",2017-11-08 00:14:07,811249,811249,811430,0.4,0.005,12679.5347558,9311.68492882,254948.94470633
"429",2017-11-08 00:14:08,811708,811249,811705,2.8083,3,12688.39305629,9330.06842907,254950.82352906
"430",2017-11-08 00:14:09,811705,811250,811654,6.5,0.44,12648.48775531,9260.29293006,254955.66752906
"431",2017-11-08 00:14:10,811250,811250,811427,8.3583,0.01,12654.48705561,9234.28393006,254951.36752906
"432",2017-11-08 00:14:11,811250,811250,811545,8.3473,0.958,12650.68315561,9232.54183006,254946.33052906
"433",2017-11-08 00:14:12,811544,811341,811544,0.524,0.269,12685.1398561,9288.74982709,254950.29852906
"434",2017-11-08 00:14:13,811709,811342,811678,7,1,12694.41885815,9253.94092858,254992.93342832
"435",2017-11-08 00:14:14,811709,811342,811709,7,1.6011,12685.39885766,9249.28092858,254995.62342832
"436",2017-11-08 00:14:15,811709,811453,811705,0.1,0.005,12697.43345864,9249.28592858,254992.72542832
"437",2017-11-08 00:14:16,811930,811342,811930,6.30310103,3.97889954,12694.11695967,9231.56122858,255000.13692729
"438",2017-11-08 00:14:17,811930,811710,811929,1.8523,0.22,12697.06966041,9231.78122858,255000.81292729
"439",2017-11-08 00:14:18,811710,811711,811899,7,1.5,12703.54518368,9189.47732734,255035.16692778
"440",2017-11-08 00:14:19,812100,812020,812100,8.33720072,8.57961949,12730.34118342,9149.35332854,255075.00572706
"441",2017-11-08 00:14:20,812100,812043,812100,20,7.74961949,12760.08623561,9146.35297671,255075.24295852
"442",2017-11-08 00:14:21,812446,812200,812446,1,43.07180074,12759.91781513,9105.84245648,255122.64292188
"443",2017-11-08 00:14:22,812200,812200,812292,6.79749926,0.47,12772.72233333,9054.27745648,255130.2454231
"444",2017-11-08 00:14:23,812446,812400,812446,0.02,27.45180074,12775.37823479,9043.38945648,255146.79213073
"445",2017-11-08 00:14:24,812400,812275,812400,0.6,0.77282,12766.73735699,9044.56477796,255153.16800274
"446",2017-11-08 00:14:25,812446,812446,812500,1.6101,0.26962074,12758.56795601,9008.64027721,255190.20344828
"447",2017-11-08 00:14:26,812500,812500,812549,19.87538,0.19,12780.50383455,9064.85028042,255193.39206828
"448",2017-11-08 00:14:27,813200,812500,813200,19.87538,0.25702261,12785.82883455,8988.31680155,255264.83875008
"449",2017-11-08 00:14:28,813368,812840,813368,0.5526,0.2235273,12753.99133578,8984.64680229,255277.17877008
"450",2017-11-08 00:14:29,813410,812840,812988,0.0526,5,12750.02675351,8989.76320604,255285.70075085
"451",2017-11-08 00:14:30,812988,812841,812988,6.182,1.07,12754.68075375,8991.15320604,255291.74815183
"452",2017-11-08 00:14:31,813410,812841,813410,6.182,23.99637947,12748.21695375,8982.40520604,255300.85817183
"453",2017-11-08 00:14:32,815000,812841,813553,6.182,2.40000099,12748.21695375,8911.80520703,255374.16147205
"454",2017-11-08 00:14:33,813735,812841,813735,0.182,15.30000025,12726.57325083,8931.70520827,255399.37103231
"455",2017-11-08 00:14:34,813735,813368,813735,1.5015,13.00164064,12727.29095083,8929.40684866,255401.51103231
"456",2017-11-08 00:14:35,813400,813368,813400,7.4765,3.06362048,12742.35257059,8939.43046984,255417.08603549
"457",2017-11-08 00:14:36,813735,813368,813735,6.7765,9.98526112,12729.62509319,8933.8004686,255428.24723622
"458",2017-11-08 00:14:37,813368,813368,813735,3.1185,6.98526112,12725.65509319,8943.40047009,255438.77667543
"459",2017-11-08 00:14:38,813735,813600,813735,10,5.97526112,12734.73909368,8941.59047181,255451.61097592
"460",2017-11-08 00:14:39,813735,813600,813735,2.3653,5.36526112,12746.78030018,8975.40619346,255464.78756722
"461",2017-11-08 00:14:40,814398,813600,814398,2.27654474,11.00626433,12747.45154492,8962.24719346,255479.47035297
"462",2017-11-08 00:14:41,813600,813410,813600,1.3482,0.47345526,12737.43499896,9001.1343876,255485.94736401
"463",2017-11-08 00:14:43,814298,813418,814298,6.87538,0.966,12738.72847896,8989.24704895,255502.21330641
"464",2017-11-08 00:14:44,813418,813418,814298,5.77538,1.936,12743.50847969,9070.81705191,255503.39598619
"465",2017-11-08 00:14:45,814398,813500,814398,0.6,11.29600445,12734.2084792,9094.3770534,255505.66700261
"466",2017-11-08 00:14:46,813735,813735,813997,14.4585,0.8,12737.72538018,9110.06705438,255500.98754842
"467",2017-11-08 00:14:47,814200,813735,814200,14.4585,5.51,12742.97435734,9129.48105019,255507.47256767
"468",2017-11-08 00:14:48,814200,813735,814200,14.9961,0.51,12743.49495734,9123.27959201,255515.74787566
"469",2017-11-08 00:14:49,814231,814000,814231,6.466,1.01000124,12752.40695736,9135.82059462,255521.25787566
"470",2017-11-08 00:14:50,814000,814200,814232,0.2,1.71200124,12747.44129146,9135.32887149,255526.22507485
"471",2017-11-08 00:14:51,813735,813605,813735,0.005,0.64030011,12715.66569059,9128.7349716,255556.02259428
"472",2017-11-08 00:14:52,813500,813500,814232,0.46200098,5,12704.22531157,9136.90017111,255565.04590315
"473",2017-11-08 00:14:53,814232,813500,814232,0.20300098,0.49,12708.34731167,9133.00417185,255571.9688369
"474",2017-11-08 00:14:54,813735,813420,813735,0.45300098,39.8,12691.28881167,9152.06417136,255580.9725569
"475",2017-11-08 00:14:55,813735,813419,813735,6.68800098,31.98,12486.76381118,9182.49517238,255587.7655069
"476",2017-11-08 00:14:56,813735,813703,813735,0.156,26.47280115,12498.7233118,9178.38797378,255590.47582118
"477",2017-11-08 00:14:57,813735,813500,813735,0.256,23.15100199,12499.71681093,9204.59817492,255595.83869034
"478",2017-11-08 00:14:58,813735,813501,813735,6.595,20.56300199,12516.08181067,9164.96957391,255598.83169034
"479",2017-11-08 00:14:59,813735,813501,813735,6.595,7.16300199,12519.46281093,9140.8120738,255619.48899078
"480",2017-11-08 00:15:00,813501,813501,813735,6.51,6.69280254,12519.81681093,9140.94807463,255620.05919023
"481",2017-11-08 00:15:01,813501,813501,813725,6,19.81,12509.62921117,9202.84327438,255623.93919023
"482",2017-11-08 00:15:02,813725,813501,813725,3.849,16.31,12485.06551068,9188.77177198,255630.15519023
"483",2017-11-08 00:15:03,814000,813501,814000,3.849,19.92,12491.80551165,9120.72177099,255628.04806907
"484",2017-11-08 00:15:04,813500,813500,813685,0.405,0.1,12486.63551141,9112.07357665,255630.01440971
"485",2017-11-08 00:15:05,813736,813736,813910,3.93419873,0.1,12484.72327057,9116.12777992,255637.08521098
"486",2017-11-08 00:15:06,813736,813736,813900,3.85919873,9.995,12460.86657179,9142.74707994,255642.48881098
"487",2017-11-08 00:15:07,813736,813736,813900,3.85919873,9.995,12460.85431063,9142.74707994,255642.48881098
"488",2017-11-08 00:15:08,813900,813506,813900,0.005,9.45,12392.17331063,9145.92007994,255717.91201152
"489",2017-11-08 00:15:09,813900,813737,813900,6.42,6.89253234,12400.04521142,9138.30661129,255726.05098017
"490",2017-11-08 00:15:10,814000,813737,814000,6.36,11.49963234,12397.65521142,9137.76870588,255732.32628036
"491",2017-11-08 00:15:11,813200,813200,813500,2.1,0.55076404,12391.96121117,9180.96160914,255742.90008032
"492",2017-11-08 00:15:12,813899,813500,813650,1.34023596,0.02,12405.5567834,9196.20784585,255738.41304436
"493",2017-11-08 00:15:13,813738,813738,813895,0.93,5,12407.48876267,9212.0368456,255738.16784509
"494",2017-11-08 00:15:14,813752,813752,813895,0.478,5,12423.82098531,9178.73440536,255739.06942704
"495",2017-11-08 00:15:15,813895,813501,813895,0.32,4.0529285,12406.11302879,9153.21233345,255743.0104478
"496",2017-11-08 00:15:16,813303,813753,813894,0.6,7,12402.33309329,9167.42903234,255746.6104478
"497",2017-11-08 00:15:17,813200,813753,813894,0.6,4.4,12483.58161566,9161.3910315,255755.8289478
"498",2017-11-08 00:15:18,813500,813000,813500,5.67823596,0.82462,12498.68161664,9178.23535373,255775.9789478
"499",2017-11-08 00:15:19,813000,813000,813500,5.15823596,0.79562086,12440.94061589,9207.94225262,255777.95164744
"500",2017-11-08 00:15:20,813754,813001,813500,0.86,0.02,12451.58561663,9265.48943151,255779.10834694
"501",2017-11-08 00:15:21,813501,813501,813778,5.65,1.9988,12443.4517381,9291.10853181,255781.16417694
"502",2017-11-08 00:15:22,813501,813501,813777,1.285,9.796,12422.85373663,9320.64172958,255790.06687694
"503",2017-11-08 00:15:23,813100,813101,813500,0.60000049,3.93680086,12413.82491712,9346.47853341,255785.73309694
"504",2017-11-08 00:15:24,813100,813120,813500,1,3.93680086,12394.0319381,9446.35353295,255783.21209694
"505",2017-11-08 00:15:25,813500,813401,813500,0.01192039,3.89200182,12319.26514222,9401.1211335,255780.69269598
"506",2017-11-08 00:15:26,813500,813451,813500,0.01192089,3.86816174,12290.33768271,9417.22529466,255779.99653606
"507",2017-11-08 00:15:27,813121,813121,813495,2.33804293,0.005,12277.79730588,9413.73079119,255779.95653606
"508",2017-11-08 00:15:29,812530,812589,813494,1.20000024,4.5,12205.07426221,9449.52279474,255842.95923906
"509",2017-11-08 00:15:30,812589,812589,813430,0.49570024,1,12262.99496172,9537.84965573,255846.69648004
"510",2017-11-08 00:15:31,813000,812531,813000,2.29570048,3.85489494,12240.93882017,9576.59578918,255851.81299306
"511",2017-11-08 00:15:32,812590,812590,813000,2.65448391,3.32489494,12239.50598471,9655.03816509,255858.50569306
"512",2017-11-08 00:15:33,812590,812790,812889,0.01,0.002,12206.92908569,9649.37516164,255858.50569306
"513",2017-11-08 00:15:34,812999,812610,812999,1,2.3595,12204.35550202,9669.9831979,255859.14729306
"514",2017-11-08 00:15:35,812610,812611,812889,0.26,0.6,12199.10810153,9731.05410495,255859.72729405
"515",2017-11-08 00:15:36,812686,812686,812888,1.0667,7.76,12184.99432981,9757.2726047,255862.76383126
"516",2017-11-08 00:15:37,812887,812610,812887,0.9267,0.373,12190.23302981,9735.15060667,255861.0545303
"517",2017-11-08 00:15:38,812591,812591,812610,15.3267,0.91193673,12187.31302859,9821.8090434,255866.55279357
"518",2017-11-08 00:15:39,812686,812686,812762,0.76706327,0.01,12173.30009162,9801.19747234,255868.10837666
"519",2017-11-08 00:15:40,812591,812591,812609,6.09376327,0.173,12143.03709186,9872.87877605,255878.30837666
"520",2017-11-08 00:15:41,812591,812591,812997,3.08986327,0.5,12140.16319186,9901.58766976,255882.62326439
"521",2017-11-08 00:15:42,812600,812600,812676,9,0.121,12136.94609161,9930.98666976,255884.12326439
"522",2017-11-08 00:15:43,812600,812600,812686,5.91,0.3,12133.67609137,9948.28866976,255883.17561797
"523",2017-11-08 00:15:44,812686,812400,812686,9.87286327,0.1,12093.90071892,9944.99177309,255902.26006187
"524",2017-11-08 00:15:45,812400,812400,812685,8.37286327,0.053,12032.32472013,9925.20517186,255903.27726187
"525",2017-11-08 00:15:46,812400,812400,812591,7.31986327,0.3,12029.8926784,9908.80867186,255903.12126187
"526",2017-11-08 00:15:47,812400,812400,812517,4.63986327,0.01,12031.43267791,9999.62827137,255904.00686187
"527",2017-11-08 00:15:48,812591,812240,812591,8.48298062,0.22313673,12036.44281464,10038.3272081,255908.57459341
"528",2017-11-08 00:15:49,812684,812240,812684,7.88298062,6.04813698,12075.36071026,10062.52020735,255907.91395853
"529",2017-11-08 00:15:51,812684,812600,812683,0.1,3.60000149,12212.30563898,10131.09516542,255911.81875966
"530",2017-11-08 00:15:52,812500,812300,812500,10,2.49,12217.48265836,10122.40086931,255880.36758085
"531",2017-11-08 00:15:53,812300,812400,812682,0.001,0.045,12209.36165762,10109.55556393,255832.0792028
"532",2017-11-08 00:15:54,812683,812400,812683,0.001,0.045,12193.18505762,10108.70566393,255827.76220352
"533",2017-11-08 00:15:55,812682,812310,812682,18.20099802,3.9000005,12233.4860554,10093.88507087,255808.61981831
"534",2017-11-08 00:15:56,812310,812400,812682,3,0.31,12206.86605515,10132.80937121,255780.13081856
"535",2017-11-08 00:15:57,812800,812800,812998,15.06499901,0.0495,12232.99675416,10131.71446689,255752.98581908
"536",2017-11-08 00:15:58,813119,812800,813119,12.31217901,6.64950149,12222.59353465,10134.73746764,255752.81251556
"537",2017-11-08 00:15:59,813119,812800,813119,5.51217629,4.84950149,12201.91453095,10129.96746764,255755.50544227
"538",2017-11-08 00:16:00,812716,812900,813119,2.58,3.81460124,12215.52197689,10164.71556665,255757.76386445
"539",2017-11-08 00:16:01,812900,812900,812934,0.17999876,0.01,12215.65497712,10174.78426961,255751.28276569
"540",2017-11-08 00:16:02,812888,812888,812934,3.59999851,0.01,12215.53180155,10166.19626814,255751.75346637
"541",2017-11-08 00:16:03,812901,812801,812836,1.6,0.5470005,12196.94605611,10168.79967494,255751.06076594
"542",2017-11-08 00:16:04,812801,812802,812849,0.053,1.15100025,12169.55905784,10176.6477716,255751.44956709
"543",2017-11-08 00:16:05,812801,812801,812886,1.36517629,0.01,12153.35223636,10177.83187666,255749.33823466
"544",2017-11-08 00:16:06,812801,812801,812886,1.24517629,0.01,12158.45116489,10195.82057259,255743.18654689
"545",2017-11-08 00:16:07,813000,812801,813000,1.24517629,16.44489494,12159.52746489,10180.82486987,255743.86419324
"546",2017-11-08 00:16:09,812591,812591,812885,0.10217406,7,12147.94308179,10183.61527184,255733.67997684
"547",2017-11-08 00:16:10,812591,812591,812884,0.00217406,0.89,12169.27718203,10188.46926739,255733.44463322
"548",2017-11-08 00:16:11,812885,812591,812883,0.00217406,3.60000149,12167.61382564,10205.20906888,255732.66533322
"549",2017-11-08 00:16:12,812400,812401,812850,0.6,0.02,12164.04382711,10271.57206962,255735.08434122
"550",2017-11-08 00:16:13,812883,812401,812699,0.6,0.01,12146.80728154,10277.80056938,255734.08333322
"551",2017-11-08 00:16:14,812401,812401,812699,2.329,0.01,12137.9362813,10274.19766764,255732.52323322
"552",2017-11-08 00:16:15,812401,812401,812590,0.62,0.023,12146.49811575,10269.52166779,255731.55323322
"553",2017-11-08 00:16:17,812596,812597,812698,0.47,7.2433,12184.36304833,10259.09616714,255699.24726087
"554",2017-11-08 00:16:18,812597,812597,812698,0.37,7,12182.95504833,10249.5868664,255697.32726087
"555",2017-11-08 00:16:19,812597,812597,812698,0.37,7,12174.46424858,10232.98797194,255689.3486876
"556",2017-11-08 00:16:20,812597,812597,812699,0.27,0.01,12181.58927452,10215.94797169,255686.34108934
"557",2017-11-08 00:16:21,812339,812339,812596,4.83,0.6000005,12182.8070755,10239.52797251,255683.49678971
"558",2017-11-08 00:16:22,812339,812339,812596,4.83,0.6000005,12182.8070755,10239.85797251,255683.49678971
"559",2017-11-08 00:16:23,812404,812404,812596,1.5459,0.6300005,12186.1589755,10239.7839735,255683.03338885
"560",2017-11-08 00:16:24,812404,812400,812500,5,0.2,12187.04507452,10246.7899735,255683.06848885
"561",2017-11-08 00:16:25,812269,812269,812500,7.805,0.2,12152.75738681,10235.15817434,255696.41438623
"562",2017-11-08 00:16:26,812211,812211,812339,0.405,0.1,12141.19507501,10216.44106755,255705.85531623
"563",2017-11-08 00:16:27,811966,812053,812350,0.5,0.1,12148.69138779,10234.39686854,255705.8343146
"564",2017-11-08 00:16:28,812053,811967,812217,0.6,0.02280105,12145.04634905,10234.17073703,255702.20361419
"565",2017-11-08 00:16:29,811967,811967,812217,0.80968795,0.02280105,12150.40920658,10229.67143703,255697.11361419
"566",2017-11-08 00:16:30,811967,811970,812217,0.1,0.02280105,12156.89920658,10234.90703703,255695.60061371
"567",2017-11-08 00:16:31,812020,811968,812216,1.8238,0.0461,12146.6350855,10239.52313679,255702.65700699
"568",2017-11-08 00:16:32,812100,812100,812350,4,0.09890105,12355.3482855,10239.62446094,255695.56538873
"569",2017-11-08 00:16:33,812100,811967,812000,3,2.4,12350.8682855,10242.81637302,255697.8130887
"570",2017-11-08 00:16:34,812450,811967,812215,3,6,12355.51928599,10232.80106273,255701.30942831
"571",2017-11-08 00:16:36,812450,812028,812450,2,0.75759051,12363.08767394,10212.50946199,255699.70642831
"572",2017-11-08 00:16:37,812499,812000,812499,20.59,0.61412265,12372.46167296,10208.10946273,255702.12342879
"573",2017-11-08 00:16:38,812000,812100,812500,3,2.81412265,12379.27805858,10201.10946249,255719.07355952
"574",2017-11-08 00:16:39,812999,812264,812999,0.01,2.30252436,12378.6503576,10197.79796259,255720.86355952
"575",2017-11-08 00:16:40,812499,812029,812499,2,0.1,12369.41766892,10195.09796284,255722.85542879
"576",2017-11-08 00:16:41,813000,812103,813000,7,12.44352461,12375.94019684,10190.66153562,255725.91314952
"577",2017-11-08 00:16:42,812998,812892,812991,0.534,1.20000099,12396.81783361,10209.80153884,255736.26214952
"578",2017-11-08 00:16:43,812998,812892,812999,0.534,3.03300124,12407.30504664,10200.40993686,255724.89364824
"579",2017-11-08 00:16:44,812900,812893,812997,0.66,0.08895993,12398.86904639,10218.17129481,255729.79824918
"580",2017-11-08 00:16:45,812999,812600,812998,0.1,0.38,12392.16884615,10220.38933636,255725.75404918
"581",2017-11-08 00:16:46,812600,812603,812760,0.005,0.1,12383.42034639,10237.7763371,255715.4529577
"582",2017-11-08 00:16:47,812600,812603,812760,0.005,0.1,12384.15003434,10229.27633661,255697.20645765
"583",2017-11-08 00:16:48,812998,812636,812998,0.1,4.8,12355.63374921,10192.32733675,255691.08067498
"584",2017-11-08 00:16:49,812760,812705,812759,0.01,0.97970026,12353.52414921,10204.937038,255690.59447472
"585",2017-11-08 00:16:50,812760,812705,812758,0.01,0.6,12361.05895068,10210.65943749,255687.83347472
"586",2017-11-08 00:16:51,812998,812705,812996,0.01,0.32,12361.21155068,10191.84303675,255687.52047472
"587",2017-11-08 00:16:52,812706,812756,812998,0.01,7.8121,12363.41046282,10200.15603577,255690.06677544
"588",2017-11-08 00:16:53,812760,812756,812760,0.01,0.2,12363.15346282,10201.95603651,255689.01677544
"589",2017-11-08 00:16:54,813000,813000,813086,0.33437514,0.1,12363.28683796,10183.50041165,255703.8304003
"590",2017-11-08 00:16:55,813000,812707,812760,2.3349,2.66562486,12355.11826209,10189.24883626,255700.36917544
"591",2017-11-08 00:16:56,812760,812708,812760,4.339,0.21782486,12354.66036111,10154.43303651,255699.5301033
"592",2017-11-08 00:16:57,812708,812800,812900,0.02,1.21782486,12368.43826187,10167.768037,255698.88030327
"593",2017-11-08 00:16:58,812900,812800,812900,0.02,1.21182486,12360.10826138,10150.54143626,255692.69630327
"594",2017-11-08 00:16:59,812900,812800,812900,0.02,0.49242486,12360.71886138,10027.17573725,255688.36470327
"595",2017-11-08 00:17:00,812708,812708,813000,3.18169887,0.19242486,12383.57076022,10009.1172364,255685.66583909
"596",2017-11-08 00:17:01,813060,813060,813124,0.02697514,0.01,12350.66013747,9945.43941104,255684.02326397
"597",2017-11-08 00:17:02,813000,813000,813124,0.1602,0.01,12332.14606071,9905.26541154,255674.95486397
"598",2017-11-08 00:17:03,812962,812962,813124,0.257,0.01,12310.36416194,9901.15591154,255676.4070649
"599",2017-11-08 00:17:04,812962,812791,812961,3.18169887,0.56,12324.51500009,9915.25664393,255673.58333436
"600",2017-11-08 00:17:05,812791,812791,812961,3.17169887,1.16,12339.46516911,9869.60994491,255672.73334163
