"","time","lst","best_bid","best_ask","best_bid_size","best_ask_size","total_bid_depth","total_ask_depth","volume"
"1",2017-11-08 01:13:44,808600,808600,808681,0.22358138,0.004,12713.53587914,9555.05128857,256696.91413219
"2",2017-11-08 01:13:45,808822,808650,808679,0.1,0.03,12717.88459751,9553.88508832,256695.41913219
"3",2017-11-08 01:13:46,808510,808596,808679,0.04,0.03,12707.12859825,9556.70229178,256702.91913219
"4",2017-11-08 01:13:47,808311,808312,808679,1.20000074,0.01810931,12693.72859899,9556.08389912,256717.53102288
"5",2017-11-08 01:13:48,808311,808311,808821,11.37160367,2.5807,12690.44859972,9542.53278866,256732.94802288
"6",2017-11-08 01:13:49,808678,808511,808678,3.00000123,0.169,12699.31860243,9511.23309198,256734.32890288
"7",2017-11-08 01:13:50,808299,808201,808299,0.014,0.32039584,12681.53689654,9513.18618583,256745.03150704
"8",2017-11-08 01:13:51,808298,808002,808298,4,0.359,12699.26949826,9517.75468533,256747.43950704
"9",2017-11-08 01:13:52,808000,808000,808161,2.14950148,0.03,12654.88499826,9528.28928558,256787.96250704
"10",2017-11-08 01:13:53,808003,808003,808131,0.1758,10,12654.09079826,9542.63648508,256791.56950729
"11",2017-11-08 01:13:57,808130,807630,808130,0.04,0.90330003,12622.19264934,9527.90645037,256850.82404261
"12",2017-11-08 01:13:58,808130,807880,808050,0.04,0.02,12624.13264885,9523.10895086,256852.33384261
"13",2017-11-08 01:13:59,807500,807889,808050,10,0.02,12636.34530645,9523.70894987,256887.29277261
"14",2017-11-08 01:14:00,807889,807889,807980,6.06323355,0.5,12640.13562099,9523.68825032,256894.24953906
"15",2017-11-08 01:14:01,807889,807889,807892,1.95923355,0.3,12617.27292414,9522.03073374,256900.79943981
"16",2017-11-08 01:14:02,807889,807889,807892,0.75923355,0.27725784,12642.92292439,9519.70099183,256901.50521197
"17",2017-11-08 01:14:03,808009,807780,808000,0.5,0.5,12655.7146906,9528.65171234,256903.65573852
"18",2017-11-08 01:14:04,807891,807890,807891,0.04,0.08210931,12650.44729159,9529.15302092,256905.02209921
"19",2017-11-08 01:14:08,808250,808010,808250,1,3.9038,12667.12578105,9513.5221378,256920.37543899
"20",2017-11-08 01:14:09,808696,808400,808449,3,7,12683.344931,9518.23213459,256938.19444666
"21",2017-11-08 01:14:10,808399,808098,808249,0.479,0.60000075,12684.33093149,9536.41413658,256944.33744666
"22",2017-11-08 01:14:11,808400,808400,808448,0.97,0.70000149,12687.97082238,9531.54613732,256947.19509441
"23",2017-11-08 01:14:12,808500,808500,808680,2.82150279,10.4,12680.22432468,9535.91310639,256950.59683666
"24",2017-11-08 01:14:13,808680,808500,808679,2.82150279,0.6,12677.17702274,9507.66580146,256957.48813666
"25",2017-11-08 01:14:14,808680,808501,808694,7,1.877,12684.34473648,9493.67030146,256958.02358666
"26",2017-11-08 01:14:15,808694,808680,808694,5.47890303,1.377,12692.05023745,9493.02830245,256977.85611642
"27",2017-11-08 01:14:16,808680,808680,808730,3.42890303,0.5,12697.04123721,9485.7923022,256979.90611642
"28",2017-11-08 01:14:17,808681,808681,808730,0.2229,0.38,12707.78513721,9486.4303027,256984.28921642
"29",2017-11-08 01:14:18,808779,808779,808799,1.42,0.19200457,12704.00513671,9469.87000097,256984.57921642
"30",2017-11-08 01:14:19,808813,808779,808813,1.42,1.22200457,12703.34993283,9482.63000171,256985.59741656
"31",2017-11-08 01:14:20,808780,808784,808813,0.005,1.22200457,12707.95572973,9484.08758934,256987.31511362
"32",2017-11-08 01:14:21,808813,808780,808813,0.09758294,1.12200457,12722.88472973,9482.98758909,256985.46204362
"33",2017-11-08 01:14:22,808779,808779,808813,0.25267083,1.12200457,12712.16261713,9472.26178785,256986.60525573
"34",2017-11-08 01:14:23,808729,808779,808969,0.13066626,1.20000025,12723.42961379,9470.59578303,256997.8272603
"35",2017-11-08 01:14:24,808700,808700,809000,9.2702492,2.9173,12720.93915091,9454.20678142,257009.92841034
"36",2017-11-08 01:14:25,808700,808813,808866,0.01,0.01,12721.02287044,9468.7438598,257011.98734819
"37",2017-11-08 01:14:26,808999,808999,809000,0.30438145,2.9173,12716.38573483,9465.65914125,257024.24853489
"38",2017-11-08 01:14:27,808779,808779,808998,1.7,1.34571855,12713.36645412,9476.59486055,257025.66291634
"39",2017-11-08 01:14:28,808680,808680,808966,1.72006434,8.498,12704.0438702,9474.62234161,257033.67291634
"40",2017-11-08 01:14:29,808965,808680,808965,1.72006434,4.18,12719.59387119,9465.65864062,257034.37186634
"41",2017-11-08 01:14:30,808965,808680,808797,1.72006434,0.01,12704.94487119,9480.98664087,257033.97186634
"42",2017-11-08 01:14:31,809000,809000,809099,1.91319964,5,12707.35997083,9478.27984051,257044.0575967
"43",2017-11-08 01:14:32,809000,809000,809099,0.41519964,5,12710.09297033,9492.3808414,257045.5555967
"44",2017-11-08 01:14:33,808740,808740,809098,0.99719956,0.59200086,12710.56716976,9492.04184226,257046.87889653
"45",2017-11-08 01:14:34,808741,808741,809000,0.80549975,0.00719905,12714.19057003,9487.73299217,257047.33966074
"46",2017-11-08 01:14:35,808741,808741,808960,0.80158272,0.005,12710.2751131,9498.74056017,257046.70011071
"47",2017-11-08 01:14:36,808740,808740,808741,0.2227849,6,12702.80181449,9586.64056067,257047.91080809
"48",2017-11-08 01:14:37,808740,808694,808740,0.45,1.0744151,12716.67632983,9567.12520685,257047.77280068
"49",2017-11-08 01:14:38,808680,808680,808740,0.98426434,10.77395086,12715.79053032,9578.81474261,257049.40274666
"50",2017-11-08 01:14:39,808680,808680,808700,0.28426434,1,12709.81053032,9589.61474534,257050.72269666
"51",2017-11-08 01:14:40,808600,808590,808599,0.001,0.62,12709.50526598,9585.56342741,257051.196891
"52",2017-11-08 01:14:41,808450,808400,808450,0.99,3.549,12701.37226598,9599.17347752,257054.56241801
"53",2017-11-08 01:14:42,808450,808250,808450,0.012458,4.1219,12698.07226598,9607.04637827,257054.36491738
"54",2017-11-08 01:14:43,808101,808101,808450,0.336,4.1219,12710.33576583,9598.49242468,257055.65891738
"55",2017-11-08 01:14:44,808063,808250,808449,6.204,7.59995086,12720.45376657,9694.29107679,257065.14891738
"56",2017-11-08 01:14:45,808250,808250,808280,6.194,2,12675.02376731,9695.93767703,257064.43786738
"57",2017-11-08 01:14:46,808250,808250,808280,1.194,2,12687.58806731,9664.0474274,257068.70586738
"58",2017-11-08 01:14:47,808250,808250,808279,0.594,6.77395086,12738.01306633,9675.70328082,257066.67786738
"59",2017-11-08 01:14:48,808030,808030,808250,0.92647016,0.5929,12748.98407751,9680.64900666,257070.41828637
"60",2017-11-08 01:14:49,807780,807780,807954,0.61390448,7.74518604,12721.26049487,9676.630193,257077.75205033
"61",2017-11-08 01:14:50,807953,807780,807953,0.61390448,4.76685012,12779.42925255,9704.10628366,257079.15205107
"62",2017-11-08 01:14:51,807953,807780,807953,0.61390448,4.15684988,12665.92209616,9648.7254603,257079.32205131
"63",2017-11-08 01:14:52,807953,807780,807953,0.61390448,4.15584988,12660.07789271,9636.60971014,257079.42052591
"64",2017-11-08 01:14:53,807781,807891,807954,0.01,1.82103592,12612.00229271,9640.05870717,257092.07652591
"65",2017-11-08 01:14:54,807472,807603,807953,2.37000099,0.6,12585.42669469,9642.16704567,257093.57652591
"66",2017-11-08 01:14:55,807472,807786,807953,0.005,0.7619,12602.1584937,9622.24226801,257093.95145591
"67",2017-11-08 01:14:56,807487,807487,807800,0.195,1,12597.94739324,9624.68036851,257094.80145591
"68",2017-11-08 01:14:57,807489,807490,807799,0.2,0.3,12607.40639265,9636.34246851,257096.77145591
"69",2017-11-08 01:14:58,807491,807473,807752,2,0.5,12646.30539291,9643.10737173,257103.18495591
"70",2017-11-08 01:14:59,807954,807489,807954,0.006,2.22103592,12648.24888769,9637.88587248,257105.18495591
"71",2017-11-08 01:15:00,807966,807954,807966,0.45296408,0.97,12679.04056371,9621.51223705,257108.73522056
"72",2017-11-08 01:15:01,808489,807798,808489,0.9,0.39200297,12666.98041151,9614.98005868,257112.72815056
"73",2017-11-08 01:15:02,807798,808050,808350,1.32,2,12682.87861102,9609.17455943,257108.21615048
"74",2017-11-08 01:15:03,808050,808050,808349,1.31,1.20000025,12689.268612,9609.11555967,257107.77735216
"75",2017-11-08 01:15:04,807473,808109,808243,0.3,0.5,12678.94761077,9606.28275942,257120.83935216
"76",2017-11-08 01:15:05,808349,808043,808344,0.5,0.005,12694.05081089,9616.82476017,257121.47707363
"77",2017-11-08 01:15:06,808228,808043,808228,0.5,0.492,12702.33261113,9606.96682475,257121.82007363
"78",2017-11-08 01:15:07,808228,808243,808344,0.008,0.005,12701.94061187,9596.18282028,257123.31207363
"79",2017-11-08 01:15:08,808349,808228,808349,0.492,0.463,12711.71061113,9586.97312004,257122.82002363
"80",2017-11-08 01:15:09,808699,808193,808393,0.5,0.5,12724.27261113,9581.47312078,257127.42002363
"81",2017-11-08 01:15:10,808349,808349,808597,0.453,0.52,12735.34261041,9581.8791235,257129.20332363
"82",2017-11-08 01:15:11,808393,808393,808597,0.3,0.52,12741.1859124,9584.79292449,257129.90945238
"83",2017-11-08 01:15:12,808699,808450,808499,0.00179976,0.01,12756.70971216,9581.54052202,257131.02295301
"84",2017-11-08 01:15:13,808699,808450,808499,0.00179976,0.01,12750.19051216,9590.35672178,257131.02295301
"85",2017-11-08 01:15:14,808699,808450,808499,0.00179976,0.01,12747.46141241,9584.56372004,257126.97295301
"86",2017-11-08 01:15:15,808898,808854,808898,0.004,0.36211801,12749.45436043,9587.32482178,257135.98490301
"87",2017-11-08 01:15:16,808900,808854,808900,0.002,75.07994138,12777.46835993,9590.62782103,257141.52689902
"88",2017-11-08 01:15:17,808900,808850,808900,5.752,67.57994138,12776.71936017,9581.13982178,257150.23344816
"89",2017-11-08 01:15:18,808900,808850,808900,5.752,57.69334056,12776.51900691,9564.66922096,257161.28204865
"90",2017-11-08 01:15:19,808900,808899,808900,0.6493,9.79334056,12766.73830568,9506.61481922,257208.86263075
"91",2017-11-08 01:15:20,809397,808920,809397,12,3.600001,12804.22196561,9490.15382261,257228.39868628
"92",2017-11-08 01:15:21,809280,808920,809280,11.649,6.25000025,12789.68186515,9494.00042286,257232.78968628
"93",2017-11-08 01:15:22,808920,808920,809280,11.53980005,1.75000025,12792.97461846,9494.9004246,257237.47348623
"94",2017-11-08 01:15:23,809200,808920,809200,6.53980005,3.3,12791.02714183,9502.32832435,257249.71698623
"95",2017-11-08 01:15:24,809200,808999,809000,2.6104,0.019,12791.30641732,9489.79542115,257250.40948623
"96",2017-11-08 01:15:25,809000,809000,809195,4.981,0.005,12785.02941797,9506.91142314,257253.48106882
"97",2017-11-08 01:15:26,809000,809000,809195,0.59999802,0.005,12783.59341599,9510.07232314,257252.7820908
"98",2017-11-08 01:15:27,809200,808999,809200,0.59999802,5.655,12787.03431673,9513.82232314,257260.0220908
"99",2017-11-08 01:15:28,809398,809001,809240,0.1226,0.5,12796.22351673,9496.42232314,257278.10909821
"100",2017-11-08 01:15:29,808950,809039,809200,0.506,0.5,12793.21081648,9502.91492314,257279.70909821
"101",2017-11-08 01:15:30,808950,809039,809200,0.506,0.5,12773.02251846,9501.60532289,257284.5880908
"102",2017-11-08 01:15:31,809200,809039,809200,0.506,9.95019995,12768.45751796,9519.43982458,257284.97591897
"103",2017-11-08 01:15:32,809199,808921,809199,0.31100049,3.0033,12765.0709187,9513.65882309,257286.97591897
"104",2017-11-08 01:15:33,809199,808922,808999,0.22,0.4,12771.88491886,9534.95502458,257287.75484897
"105",2017-11-08 01:15:34,808999,808921,808999,0.31100049,0.399,12764.10411922,9531.61460274,257287.75584897
"106",2017-11-08 01:15:35,808999,808820,808999,2.11765993,2.788,12760.74012094,9525.0410005,257293.93575467
"107",2017-11-08 01:15:36,808820,808820,808920,0.11765993,4.44,12748.12891855,9542.62920125,257296.56295467
"108",2017-11-08 01:15:37,808920,808820,808920,0.11765993,4.11,12755.12891978,9544.01910348,257296.8949741
"109",2017-11-08 01:15:38,808898,808898,808919,7,1,12759.29891978,9551.31910348,257305.79392423
"110",2017-11-08 01:15:39,808920,808898,808920,3.8824,3.73,12759.82431978,9550.94410323,257309.29047423
"111",2017-11-08 01:15:40,808922,808922,808930,4,0.3476,12758.08391855,9544.85170125,257321.19887423
"112",2017-11-08 01:15:41,808922,808903,808930,0.005,0.3476,12760.74491806,9546.57160175,257321.798874
"113",2017-11-08 01:15:42,808922,808903,808921,0.005,0.00149957,12761.89491954,9529.02720033,257321.698874
"114",2017-11-08 01:15:43,808820,808820,808921,0.11265993,0.00149957,12766.74491978,9535.75710008,257322.407104
"115",2017-11-08 01:15:44,808820,808903,808919,0.01,0.2,12767.64491978,9537.55710157,257321.80710377
"116",2017-11-08 01:15:45,809000,809000,809019,46.95099473,0.2,12813.45591402,9541.5780015,257324.85505904
"117",2017-11-08 01:15:46,809000,809000,809019,46.95099473,0.2,12809.07591205,9537.67210075,257324.84405904
"118",2017-11-08 01:15:47,809020,809001,809020,7,4.722,12813.86591353,9530.20210175,257327.32405904
"119",2017-11-08 01:15:48,809001,809001,809020,4.452,4.722,12829.11791377,9529.63210026,257329.1981795
"120",2017-11-08 01:15:49,809020,809002,809194,0.24,0.02378918,12830.85791377,9513.91010025,257329.3181795
"121",2017-11-08 01:15:50,809000,809000,809194,43.70299473,0.02378918,12811.57008991,9527.31010148,257339.3181795
"122",2017-11-08 01:15:51,809199,809001,809199,0.346,1.99757816,12823.15491426,9528.36010247,257339.3671295
"123",2017-11-08 01:15:52,809000,809020,809199,0.35,1.99757816,12809.60491205,9533.20010346,257350.07849868
"124",2017-11-08 01:15:53,809000,809020,809199,0.35,1.99757816,12811.49491352,9533.20010272,257350.88189952
"125",2017-11-08 01:15:54,809000,809021,809199,0.63,1.99757816,12796.32491303,9520.90010048,257366.31189952
"126",2017-11-08 01:15:55,809200,809021,809200,0.62,1.94777811,12798.26691352,9525.08610124,257372.32084952
"127",2017-11-08 01:15:56,809000,808920,809000,3,3.19100527,12778.66191855,9528.32530626,257394.12877425
"128",2017-11-08 01:15:57,809000,808920,809000,3,0.60600527,12778.66191855,9521.95030527,257395.71377425
"129",2017-11-08 01:15:58,808921,808921,808999,0.19,8,12779.0248183,9532.20140626,257400.97157425
"130",2017-11-08 01:15:59,808501,808501,809198,3.11436098,1.626,12771.30821904,9521.54590527,257411.57157425
"131",2017-11-08 01:16:00,808537,808501,808537,3.07436098,0.1985,12779.54341894,9513.63840575,257412.07907425
"132",2017-11-08 01:16:01,808501,808501,808998,3.66436147,1.7975,12780.13341968,9528.74570602,257412.28007425
"133",2017-11-08 01:16:02,808874,808502,808852,0.6496,1.97,12778.33865968,9534.29820602,257412.70907425
"134",2017-11-08 01:16:03,808852,808501,808852,4.14960221,1.71,12791.2186614,9533.25790602,257413.27607425
"135",2017-11-08 01:16:04,808600,808702,808851,0.01,1.5885,12791.64005927,9505.06520543,257413.24207275
"136",2017-11-08 01:16:05,808851,808702,808851,0.01,1.5785,12774.35295878,9527.65220543,257413.20207275
"137",2017-11-08 01:16:06,808501,808551,808851,0.002,1.5785,12735.67495951,9536.02220568,257414.20207275
"138",2017-11-08 01:16:07,808501,808501,808851,1.19200098,1.5785,12696.84966025,9520.51809847,257414.00207275
"139",2017-11-08 01:16:08,808851,808726,808951,0.01,0.002,12707.82606025,9529.35149311,257415.58057275
"140",2017-11-08 01:16:09,808851,808726,808951,0.01,0.002,12710.06406025,9530.38149311,257415.31757425
"141",2017-11-08 01:16:10,808727,808727,808951,6.99,0.002,12715.38406099,9531.36749311,257415.27557425
"142",2017-11-08 01:16:11,808727,808800,808972,8,0.094,12722.60406025,9548.88649366,257418.96057425
"143",2017-11-08 01:16:12,808997,808919,808997,1,4.694,12724.03725976,9543.47869301,257418.88389256
"144",2017-11-08 01:16:13,808800,808800,808996,5.87,2,12708.57725976,9565.53469451,257427.46389256
"145",2017-11-08 01:16:14,808800,808920,808997,0.6,4.694,12708.94725902,9575.47169451,257425.94017287
"146",2017-11-08 01:16:15,808997,808899,808920,10,0.6,12722.52225877,9566.21569351,257426.18912287
"147",2017-11-08 01:16:16,808899,808899,808920,9.997,0.4,12705.9372573,9556.1580945,257426.39032331
"148",2017-11-08 01:16:17,808899,808900,808920,0.6,0.2,12704.43725804,9538.61209425,257426.63032331
"149",2017-11-08 01:16:18,808899,808899,808933,4.597,0.01,12711.04225878,9544.33509524,257432.81032331
"150",2017-11-08 01:16:19,808800,808800,808996,1.954,1.01,12702.06925878,9544.84909549,257444.01227331
"151",2017-11-08 01:16:20,808997,808950,808997,0.99,2.444,12712.53115927,9533.10049086,257445.63350331
"152",2017-11-08 01:16:21,809000,809000,809039,1.746,0.00179966,12702.98715804,9529.35649086,257453.67750331
"153",2017-11-08 01:16:22,809000,809001,809039,0.6,0.00179966,12706.55685853,9529.32649086,257452.09300344
"154",2017-11-08 01:16:23,809200,809001,809200,1.6,0.90878576,12717.94516,9526.43549086,257454.54300344
"155",2017-11-08 01:16:24,809001,809001,809198,0.99999975,2.4443005,12718.37725975,9536.09289112,257455.13800369
"156",2017-11-08 01:16:25,809001,809002,809197,0.6,1.20000075,12718.45943638,9537.32289187,257455.13695369
"157",2017-11-08 01:16:26,809001,809002,809196,0.6,1.8443,12718.67726,9534.32289062,257455.10665369
"158",2017-11-08 01:16:27,809001,809002,809195,0.6,1.2,12709.08816,9534.93379087,257455.10165369
"159",2017-11-08 01:16:28,809001,809001,809195,0.79999975,0.6,12708.85605986,9528.90639037,257457.97258369
"160",2017-11-08 01:16:29,809001,809001,809039,0.79999975,3,12701.16573649,9527.04838987,257457.97258369
"161",2017-11-08 01:16:30,809000,809000,809039,1.56849975,3,12700.70606035,9521.94838912,257459.23058003
"162",2017-11-08 01:16:31,809039,809000,809034,1.56849975,0.005,12695.40755849,9527.2333916,257459.53058003
"163",2017-11-08 01:16:32,809000,809000,809034,0.72419975,0.005,12694.56525849,9527.80339185,257459.87488003
"164",2017-11-08 01:16:33,809000,809000,809034,0.72419975,0.005,12704.46275912,9527.78219161,257459.75383003
"165",2017-11-08 01:16:34,809000,809000,809034,0.07519975,0.005,12694.21195877,9526.72550881,257461.23511107
"166",2017-11-08 01:16:35,808950,808950,809036,0.66519975,1.2,12688.41975877,9532.71840931,257461.63331151
"167",2017-11-08 01:16:36,808950,808950,809035,0.66519975,0.17,12687.07195877,9534.47440981,257461.63331151
"168",2017-11-08 01:16:37,808950,808870,808888,0.001,0.38480025,12686.40675902,9529.05920956,257462.29851126
"169",2017-11-08 01:16:38,808888,808951,808968,1.20299975,0.01,12703.85975975,9535.86850931,257462.97224151
"170",2017-11-08 01:16:39,808888,808870,808968,0.001,0.01,12699.54715902,9535.88640931,257462.97224151
"171",2017-11-08 01:16:40,808968,808870,808999,0.001,0.34,12697.14715828,9526.1174101,257462.99119151
"172",2017-11-08 01:16:41,808968,808870,808894,0.001,0.01,12697.37715926,9527.5774101,257463.49119151
"173",2017-11-08 01:16:42,809000,808870,809000,0.001,4.42,12709.00715975,9531.87741109,257463.91059214
"174",2017-11-08 01:16:43,809000,808870,808999,0.001,2.4000005,12713.8071595,9524.0424101,257463.91559214
"175",2017-11-08 01:16:44,808734,808734,808999,1.2114,0.4000005,12710.12715999,9526.84241109,257466.29454214
"176",2017-11-08 01:16:45,808734,808735,808999,1.9009,2.2000015,12710.81665999,9527.88640862,257455.27082285
"177",2017-11-08 01:16:46,808734,808736,808994,1.8837,0.005,12708.53245975,9523.01140862,257454.86816791
"178",2017-11-08 01:16:47,808734,808950,808986,0.001,0.17,12711.12945862,9525.38610862,257454.65809791
"179",2017-11-08 01:16:48,808734,808734,808986,0.54279876,0.17,12692.96855838,9524.38140862,257445.77509791
"180",2017-11-08 01:16:49,808734,808737,808986,1.3009,0.17,12694.0516355,9524.38140862,257445.26829825
"181",2017-11-08 01:16:50,808986,808737,808999,0.54279876,2.2000015,12699.61945887,9524.20640862,257441.50549949
"182",2017-11-08 01:16:51,808735,808735,808999,0.19369876,1.800001,12690.68945887,9535.35240887,257443.30549949
"183",2017-11-08 01:16:52,808733,808739,808843,0.54279876,0.01,12687.81575887,9537.82111052,257444.00442949
"184",2017-11-08 01:16:53,808733,808739,808843,0.54279876,0.01,12689.64855912,9536.52110952,257442.50230949
"185",2017-11-08 01:16:54,808998,808726,808997,0.01,1.2108,12667.01025988,9536.15690952,257441.00640949
"186",2017-11-08 01:16:55,808998,808740,808843,0.7473,0.01,12675.7102611,9526.75611052,257440.14067051
"187",2017-11-08 01:16:56,808998,808726,808843,0.01,0.01,12675.3731611,9527.32991052,257437.54067051
"188",2017-11-08 01:16:57,808999,808726,808999,0.01,0.01790191,12663.3731611,9510.82990903,257440.31962051
"189",2017-11-08 01:16:58,808999,808726,808993,0.01,0.005,12663.93225986,9493.93920821,257441.26857051
"190",2017-11-08 01:16:59,808738,808738,808993,6.98999831,0.005,12675.72225891,9494.24020851,257441.1785722
"191",2017-11-08 01:17:00,808738,808738,808996,3.99099831,0.48559752,12653.55235842,9453.61260569,257444.1436922
"192",2017-11-08 01:17:01,808738,808739,808996,1.3419,1.08559752,12650.57326011,9459.22660569,257444.0776922
"193",2017-11-08 01:17:02,808995,808780,808995,0.01,0.4875,12663.49135986,9459.31410594,257444.3901922
"194",2017-11-08 01:17:03,808995,808726,808862,0.01,0.01,12663.67913649,9460.52450594,257444.3901922
"195",2017-11-08 01:17:04,808994,808726,808994,0.01,0.94559752,12664.99485986,9460.57240594,257441.5401922
"196",2017-11-08 01:17:05,808994,808862,808994,0.01,0.94559752,12672.34075996,9459.96050775,257441.5401922
"197",2017-11-08 01:17:06,809000,808830,809000,0.001,1.86059752,12664.81405898,9456.66500825,257443.5391422
"198",2017-11-08 01:17:07,809000,808862,808999,0.0063,0.34559752,12646.93483684,9455.13960497,257443.5391422
"199",2017-11-08 01:17:08,808863,808863,808999,0.11782337,0.94559752,12651.84636045,9455.28160621,257443.6391422
"200",2017-11-08 01:17:09,808999,808863,808999,0.11782337,0.25,12653.01115996,9454.38380646,257443.9880722
"201",2017-11-08 01:17:10,808999,808863,808999,0.11782337,0.24,12652.91115996,9457.46080646,257441.06959529
"202",2017-11-08 01:17:11,808999,808890,808999,0.005,0.76,12658.49833561,9461.65980596,257441.06959529
"203",2017-11-08 01:17:12,808890,808999,809000,0.00179976,2.36059752,12674.26225874,9465.01380626,257441.06959639
"204",2017-11-08 01:17:13,808999,808865,809000,7,2.36059752,12718.52045824,9473.89780725,257440.97139615
"205",2017-11-08 01:17:14,808999,808865,808999,7,1.1588,12717.53045873,9476.3536077,257440.97139615
"206",2017-11-08 01:17:15,808999,808866,808998,1.07782337,1.6588,12718.51423771,9465.5766077,257440.90639615
"207",2017-11-08 01:17:16,808998,808892,809000,0.0085,2.36059752,12721.47273673,9440.16080498,257441.91395109
"208",2017-11-08 01:17:17,808998,808892,809000,0.0085,2.36059752,12723.20273673,9452.23680648,257441.91395109
"209",2017-11-08 01:17:18,809199,808863,808865,0.96,1.1412,12721.16273673,9444.90100648,257448.91290109
"210",2017-11-08 01:17:19,808865,808863,808999,1.56,0.6817,12719.58073648,9441.38920874,257449.25290109
"211",2017-11-08 01:17:20,808862,809000,809199,1.84999975,1.57600153,12721.4407377,9438.39920899,257450.27720479
"212",2017-11-08 01:17:21,808862,808862,809000,0.11482337,0.18000025,12719.26923795,9438.2058092,257452.13720454
"213",2017-11-08 01:17:22,808864,808864,809000,0.40840354,0.18000025,12716.84153122,9442.83781019,257454.76820454
"214",2017-11-08 01:17:23,808864,808864,808999,0.36840354,7,12752.18493147,9454.43881027,257454.80820454
"215",2017-11-08 01:17:24,808885,808998,808999,0.1,7.3612,12751.39253123,9457.37741077,257452.75354495
"216",2017-11-08 01:17:25,808885,808885,808999,0.28650177,6.9,12749.47312922,9446.58120854,257454.03566495
"217",2017-11-08 01:17:26,808829,808829,808999,0.15650177,6.9,12748.78612922,9447.60210854,257454.75466495
"218",2017-11-08 01:17:27,808999,808829,808994,0.14650177,0.005,12757.78702922,9429.43970804,257459.76466495
"219",2017-11-08 01:17:28,808999,808829,808993,0.14650177,7,12757.82362922,9446.08870903,257460.0300086
"220",2017-11-08 01:17:29,808829,808829,808992,0.02650177,0.1748,12763.82362873,9451.96350878,257460.12243529
"221",2017-11-08 01:17:30,808858,808829,808858,0.02650177,0.07860024,12774.99362922,9446.33581081,257460.02983505
"222",2017-11-08 01:17:31,808858,808829,808992,0.02650177,0.1778,12772.2256302,9445.63501082,257459.73254471
"223",2017-11-08 01:17:32,808858,808829,808853,0.02650177,0.005,12775.94063044,9439.65090933,257457.81420471
"224",2017-11-08 01:17:33,808750,808750,808829,6.23632514,0.00199918,12767.35251841,9451.87820976,257462.74420471
"225",2017-11-08 01:17:34,808750,808750,808813,6.23632514,7,12771.55252062,9453.98310689,257463.71290349
"226",2017-11-08 01:17:35,808750,808752,808812,0.24,0.37,12771.81252062,9459.38390788,257463.81603607
"227",2017-11-08 01:17:36,808750,808750,808812,6.23632514,0.58970177,12771.25252062,9453.5584089,257463.30603607
"228",2017-11-08 01:17:37,808750,808750,808807,6.23632514,0.005,12770.48352062,9435.03520765,257461.80603607
"229",2017-11-08 01:17:38,808750,808750,808810,5.94132514,1.25220124,12763.20852062,9486.91240889,257468.14383483
"230",2017-11-08 01:17:39,808750,808750,808809,5.94132514,0.61,12753.77852013,9487.81250889,257468.14276483
"231",2017-11-08 01:17:40,808750,808750,808810,5.05942514,1.25220124,12767.50162062,9485.41590712,257469.02466483
"232",2017-11-08 01:17:41,808750,808750,808810,5.04942514,1.5574018,12767.47162062,9496.97990843,257468.83946427
"233",2017-11-08 01:17:42,808664,808664,808700,0.162,1.33757486,12764.17919376,9500.43668481,257475.57778941
"234",2017-11-08 01:17:43,808664,808664,808699,0.162,0.62,12768.84209611,9503.75198481,257473.57673941
"235",2017-11-08 01:17:44,808551,808551,808699,0.862,1.22,12762.22209562,9505.60708481,257474.46173941
"236",2017-11-08 01:17:45,808551,808551,808698,0.852,0.3515,12757.41309548,9505.2310102,257473.96174041
"237",2017-11-08 01:17:46,808551,808551,808697,0.852,0.62,12757.50509548,9504.61101094,257473.66174041
"238",2017-11-08 01:17:47,808551,808556,808696,0.005,0.19,12759.23009622,9503.86756851,257474.02173941
"239",2017-11-08 01:17:48,808504,808504,808550,2.502,3.602,12744.75309548,9507.08756851,257476.02073841
"240",2017-11-08 01:17:49,808504,808504,808539,2.392,0.17,12744.63209548,9506.62106838,257476.13073841
"241",2017-11-08 01:17:50,808504,808504,808539,2.362,0.17,12756.70209597,9512.67106863,257476.16966841
"242",2017-11-08 01:17:51,808504,808504,808539,2.362,0.17,12756.70209597,9509.12301181,257476.16966841
"243",2017-11-08 01:17:52,808504,808504,808534,1.262,0.005,12753.80209449,9509.12801181,257477.26966841
"244",2017-11-08 01:17:53,808504,808504,808534,1.262,0.005,12745.99309548,9517.48061076,257470.66141896
"245",2017-11-08 01:17:58,808250,808250,808327,0.188,0.01,12752.72109646,9569.91538567,257502.88814037
"246",2017-11-08 01:17:59,808250,808250,808327,0.188,0.01,12762.32109646,9574.69732761,257502.88814037
"247",2017-11-08 01:18:00,807960,807960,808397,11.42546972,0.92,12748.24109671,9575.93058597,257512.46814037
"248",2017-11-08 01:18:01,808000,807960,808000,8.17546972,7.353,12810.03779832,9582.54648399,257516.40524037
"249",2017-11-08 01:18:02,807960,807960,808000,8.07546972,7.353,12809.95679784,9580.16798191,257516.50524037
"250",2017-11-08 01:18:03,807670,807670,808000,10.44346972,7.253,12790.35679735,9563.72788252,257527.80312136
"251",2017-11-08 01:18:04,807886,807880,807886,0.44,0.02520046,12804.31329616,9567.28158334,257529.48602095
"252",2017-11-08 01:18:05,807886,807880,807886,0.44,0.02520046,12816.29529616,9567.58158334,257530.16602095
"253",2017-11-08 01:18:06,807886,807880,807886,0.44,0.01720046,12842.18029764,9565.65358334,257530.17402095
"254",2017-11-08 01:18:07,807456,807456,807975,3.88847194,0.02420046,12764.16629788,9557.4305816,257561.13432095
"255",2017-11-08 01:18:08,807672,807672,807850,0.0027,4,12760.83921178,9569.36452481,257566.75510599
"256",2017-11-08 01:18:09,807850,807530,807610,8,0.03,12770.30021326,9556.03718349,257567.20890463
"257",2017-11-08 01:18:10,807850,807530,807850,7,0.97620136,12783.18151375,9564.88808424,257568.23483513
"258",2017-11-08 01:18:11,807530,807530,807849,6.991,2.0568,12807.22101325,9553.14968349,257572.25183513
"259",2017-11-08 01:18:12,807540,807540,807849,1,1.5568,12816.11111375,9573.85568325,257574.47078513
"260",2017-11-08 01:18:13,807540,807541,807848,0.28,0.3,12805.70611326,9566.82068176,257576.48968513
"261",2017-11-08 01:18:14,807541,807600,807847,10,0.7872,12826.54611326,9563.6250824,257576.59768513
"262",2017-11-08 01:18:15,808300,807601,808078,0.42,0.3936,12844.02971276,9560.34988326,257581.60248526
"263",2017-11-08 01:18:16,807600,807601,807998,0.28,0.62,12821.70021375,9540.08788326,257590.15977053
"264",2017-11-08 01:18:17,808300,808000,808299,6.74042514,0.94,12861.76223889,9538.76498326,257598.96606374
"265",2017-11-08 01:18:18,808299,808002,808299,6.21718,1.35220046,12870.06221418,9519.30878372,257604.6396875
"266",2017-11-08 01:18:19,808000,808000,808298,3.97371679,0.3,12832.46963029,9517.46158326,257615.4106782
"267",2017-11-08 01:18:24,808400,808100,808299,8.5,2.01,12857.87012941,9453.11778551,257639.13601023
"268",2017-11-08 01:18:25,808299,808102,808299,1.8661,1.76,12884.2192299,9465.88778476,257639.63601023
"269",2017-11-08 01:18:26,808103,808103,808298,6.39999777,0.21805806,12905.02732841,9466.64920385,257644.73601246
"270",2017-11-08 01:18:27,808492,808103,808492,5.39999777,0.00336314,12965.92862866,9476.80224654,257650.95407052
"271",2017-11-08 01:18:28,808399,808400,808499,10,0.27,12976.22572895,9452.85264455,257650.39257044
"272",2017-11-08 01:18:29,808399,808400,808500,11.6152,3.53686314,13014.1309299,9442.19084629,257650.07757044
"273",2017-11-08 01:18:30,808399,808400,808499,10,0.34,12993.62824372,9528.04774629,257648.09757044
"274",2017-11-08 01:18:31,808529,808529,808549,0.05013686,0.60000198,12898.63668112,9519.08788315,257644.05893255
"275",2017-11-08 01:18:32,808400,808400,808549,7.69543789,7.60000075,13010.51968161,9512.75788192,257652.05988255
"276",2017-11-08 01:18:33,808400,808400,808549,7.69543789,7.60000075,13064.67468087,9535.63088167,257652.05188255
"277",2017-11-08 01:18:34,808549,808400,808519,7.69543789,0.0727,13118.06168137,9526.38298068,257657.25188255
"278",2017-11-08 01:18:35,808549,808484,808550,0.17,3.602,13048.00576412,9535.66908043,257658.24881277
"279",2017-11-08 01:18:36,808550,808484,808549,0.17,1.20000025,13021.07476535,9545.51608068,257659.61007262
"280",2017-11-08 01:18:37,808550,808485,808550,0.082,2.04690025,12962.91676412,9548.60098217,257658.85517262
"281",2017-11-08 01:18:38,808752,808752,808813,1.98850013,0.5,12967.7110636,9546.04358243,257661.81357274
"282",2017-11-08 01:18:39,808752,808752,808812,1.87850013,1.3318,12974.96096452,9549.45538466,257661.18425214
"283",2017-11-08 01:18:40,808812,808752,808812,1.87850013,1.0318,12970.42759712,9549.29209385,257661.04871565
"284",2017-11-08 01:18:41,808890,808753,808890,0.082,3.62,12950.19689614,9548.36029335,257658.8267768
"285",2017-11-08 01:18:42,808836,808836,808879,4.33800083,0.0093,12968.29359771,9546.60049335,257663.12877502
"286",2017-11-08 01:18:43,808836,808836,808999,3.48700083,3.31935881,12968.86469799,9531.39579162,257674.88993831
"287",2017-11-08 01:18:44,808812,808425,808812,0.501,0.91229917,12963.66849691,9545.09409154,257678.46312142
"288",2017-11-08 01:18:45,808888,808425,808811,0.501,0.35,12973.65961327,9544.28539237,257672.76234321
"289",2017-11-08 01:18:46,808850,808426,808811,1.7032,0.259,12963.86781327,9542.06754471,257672.77163495
"290",2017-11-08 01:18:47,808850,808727,808811,0.05,0.259,12962.56924999,9535.76218515,257673.37747495
"291",2017-11-08 01:18:48,808727,808556,808848,0.17,0.11,12964.28633512,9529.27218737,257673.42162541
"292",2017-11-08 01:18:49,808727,808556,808848,0.17,0.259,12961.37359103,9529.26269482,257670.28390645
"293",2017-11-08 01:18:50,808727,808556,808848,0.17,0.85,12958.82119177,9530.86189383,257670.28379279
"294",2017-11-08 01:18:51,808727,808757,808847,0.005,0.17,12957.28890782,9525.67289383,257669.69379279
"295",2017-11-08 01:18:52,808757,808600,808849,3.27371679,7.60000198,12957.46035004,9541.62289408,257667.69879279
"296",2017-11-08 01:18:53,808757,808601,808741,1.5057,7,12944.28234881,9537.95109429,257665.92632847
"297",2017-11-08 01:18:54,808757,808600,808741,3.27371679,7,12953.66864954,9555.61789579,257665.92632847
"298",2017-11-08 01:18:55,808741,808600,808741,3.27371679,6.924,12955.44564905,9562.41189554,257665.19625847
"299",2017-11-08 01:18:56,808741,808741,808742,1,0.076,12960.76725078,9552.51789504,257664.2055881
"300",2017-11-08 01:18:57,808741,808741,808742,1,0.076,12954.6353081,9555.47239579,257663.63733075
"301",2017-11-08 01:18:58,808741,808741,808742,0.295,0.076,12950.71547084,9535.75239529,257664.17033075
"302",2017-11-08 01:18:59,808848,808741,808847,0.295,7.19,12946.68647034,9548.77239702,257663.21495114
"303",2017-11-08 01:19:00,808848,808762,808837,0.0655,0.00199918,12949.88047108,9552.34989447,257662.87021075
"304",2017-11-08 01:19:01,808601,808601,808846,0.06655806,0.10199918,12949.22547108,9547.3838972,257662.25273953
"305",2017-11-08 01:19:02,808601,808671,808846,1.8558,0.47,12944.03827059,9556.8539,257661.51113953
"306",2017-11-08 01:19:03,808601,808672,808847,1.8558,7,12945.20827158,9555.33389802,257661.50113953
"307",2017-11-08 01:19:04,808601,808672,808845,1.8558,0.2,12947.67151404,9550.91389778,257661.58213144
"308",2017-11-08 01:19:05,808846,808847,808848,1.3758,0.47020046,12959.54597161,9550.73179703,257660.69978144
"309",2017-11-08 01:19:06,808674,808674,808978,6.78,0.60000025,12974.16817161,9534.13179431,257666.89778196
"310",2017-11-08 01:19:07,808741,808673,808741,0.06655806,1.9,12967.95717062,9527.48179406,257673.02778196
"311",2017-11-08 01:19:08,808741,808602,808999,0.0763576,5.62822354,12957.59417087,9541.58179654,257674.77804005
"312",2017-11-08 01:19:09,808741,808603,808999,7,5.62822354,12964.38937087,9541.59499684,257674.57697005
"313",2017-11-08 01:19:10,808993,808675,808993,1.214,0.21,12940.20836964,9542.63322903,257676.07697005
"314",2017-11-08 01:19:11,808993,808900,808993,6,0.21,12973.56737209,9550.42322804,257674.87032536
"315",2017-11-08 01:19:12,808900,808900,808993,5.84,0.21,12964.55016989,9561.34073102,257675.00697005
"316",2017-11-08 01:19:13,808900,808901,808993,1.73625806,3.21,12965.52697108,9569.13572926,257669.50697005
"317",2017-11-08 01:19:14,808990,808901,808990,0.54655806,3.5312,12975.83127187,9577.46492869,257672.38576981
"318",2017-11-08 01:19:15,808901,808901,808983,0.44655806,3,12965.32527162,9587.07792997,257670.25701947
"319",2017-11-08 01:19:16,808999,808901,808982,0.44655806,0.25,12960.58027088,9577.70852997,257685.97641947
"320",2017-11-08 01:19:17,808650,808902,808999,4.65395806,9.85325523,12969.88567088,9582.86952847,257696.01641947
"321",2017-11-08 01:19:18,808601,808601,808998,0.0091,0.22,12973.61081233,9587.01052847,257696.64500696
"322",2017-11-08 01:19:19,808550,808975,808999,0.01,3.27325523,12967.40631379,9585.7765297,257708.24413277
"323",2017-11-08 01:19:20,808551,808551,809000,3.0995,43.27425523,12971.10631379,9567.17453119,257731.88213277
"324",2017-11-08 01:19:21,809000,808551,808998,3.0995,1.8804,12961.45131355,9522.83043116,257765.47573229
"325",2017-11-08 01:19:22,809221,809004,809221,0.0538448,2.24900471,12988.50515933,9497.28427521,257780.09188581
"326",2017-11-08 01:19:23,809000,809000,809028,12.9863448,2,12983.65671729,9468.54350438,257786.16938581
"327",2017-11-08 01:19:24,809320,809001,809320,7,2.39033964,12994.68271704,9455.0141043,257796.03673581
"328",2017-11-08 01:19:25,809318,809137,809318,0.01,1.06,12993.45062103,9456.13880555,257798.22573581
"329",2017-11-08 01:19:26,809398,809320,809398,1.8831,2.75034187,13006.9453225,9445.45703724,257812.14573581
"330",2017-11-08 01:19:27,809367,809398,809479,1.3198,5.66034336,12980.56209529,9441.59183724,257816.09148004
"331",2017-11-08 01:19:28,809479,809367,809479,2,1.04283829,12968.6431128,9446.54433292,257820.70898511
"332",2017-11-08 01:19:29,809479,809367,809479,2,0.04283829,12930.43231379,9441.05533217,257820.69203511
"333",2017-11-08 01:19:30,809480,809367,809480,2,11.28,12935.50911378,9454.09249612,257816.15641327
"334",2017-11-08 01:19:31,809042,809368,809479,0.082,1.20000396,12932.32849529,9454.62250008,257816.39393327
"335",2017-11-08 01:19:32,809300,809042,809300,7.87020171,3.29906204,12921.99649529,9461.62715741,257805.74353327
"336",2017-11-08 01:19:33,809300,809044,809300,0.28,3.29906204,12922.87989529,9465.54655741,257798.76013327
"337",2017-11-08 01:19:34,809300,809043,809300,0.3034,2.69906204,12922.63401668,9464.94655741,257791.96013327
"338",2017-11-08 01:19:35,809299,809045,809299,0.4412,0.58764,12924.77181619,9458.69289592,257786.87249327
"339",2017-11-08 01:19:36,809299,809043,809290,1.2206,1.62540204,12909.43301521,9445.72619957,257800.00349101
"340",2017-11-08 01:19:37,809290,809045,809290,6,0.4074018,12918.39801546,9444.10819933,257794.88018907
"341",2017-11-08 01:19:38,809572,809191,809266,0.01,0.5,12914.42041644,9442.55350131,257796.3506912
"342",2017-11-08 01:19:39,809572,809191,809266,0.01,0.5,12915.02141658,9444.57116331,257796.4951912
"343",2017-11-08 01:19:40,809572,809191,809266,0.01,0.5,12914.36091658,9442.91196331,257796.52319162
"344",2017-11-08 01:19:41,809572,809253,809266,0.01,0.5,12909.7422178,9438.28196381,257794.00319162
"345",2017-11-08 01:19:42,809572,809253,809266,0.01,0.5,12945.5823178,9434.08286406,257792.31689162
"346",2017-11-08 01:19:43,809572,809253,809266,0.01,0.5,12989.88191731,9441.93626208,257792.10689162
"347",2017-11-08 01:19:44,809513,809260,809499,0.02,6.86856176,12895.6759178,9387.91586209,257796.37759186
"348",2017-11-08 01:19:45,809513,809260,809499,0.02,7.52066176,12914.98291682,9390.31526505,257796.37759186
"349",2017-11-08 01:19:46,809499,809260,809499,0.01520016,5.66856078,12913.54801674,9389.45916407,257797.58239268
"350",2017-11-08 01:19:47,809499,809260,809498,0.01520016,0.6371,12906.4900165,9381.42770329,257797.58239268
"351",2017-11-08 01:19:48,809369,809369,809497,0.29,7,12902.75131576,9388.42770279,257797.38799268
"352",2017-11-08 01:19:49,809497,809458,809497,0.01,5.79999878,12910.23731576,9384.25540157,257799.5879939
"353",2017-11-08 01:19:50,809369,809369,809497,0.2,5.09999878,12918.91731674,9377.55540033,257800.13399494
"354",2017-11-08 01:19:51,809370,809370,809497,1.2229,2.5999978,12908.88011576,9378.58059836,257802.30329592
"355",2017-11-08 01:19:52,809497,809369,809455,0.195,0.05,12908.81531576,9368.04064404,257803.10129666
"356",2017-11-08 01:19:53,809455,809369,809455,0.195,0.04,12908.00631576,9368.00064281,257803.11129666
"357",2017-11-08 01:19:54,809370,809370,809455,0.598,0.04,12914.81071844,9381.32574239,257803.1180955
"358",2017-11-08 01:19:55,809091,809092,809455,0.96,0.04,12920.76311692,9376.53294095,257799.1017973
"359",2017-11-08 01:19:56,809498,809371,809498,7,2.3361,12928.66211702,9375.3029412,257800.6017973
"360",2017-11-08 01:19:57,809587,809455,809587,0.01,1.79329808,12924.1767175,9334.86523718,257802.60179877
"361",2017-11-08 01:19:58,809371,809459,809586,0.01,0.6024,12900.08521849,9337.15503916,257803.37969773
"362",2017-11-08 01:19:59,809459,809459,809500,0.00800082,2,12910.40331735,9341.53683916,257800.50379795
"363",2017-11-08 01:20:00,809596,809584,809596,2.40000049,0.08129562,12913.80821887,9336.8203367,257794.81529938
"364",2017-11-08 01:20:01,809650,809459,809779,0.00650185,0.91417467,12902.54290922,9333.01370912,257782.60393017
"365",2017-11-08 01:20:02,809461,809650,809780,0.01,14.69417467,12905.56237617,9311.41370714,257802.61393017
"366",2017-11-08 01:20:03,809780,809663,809780,0.082,14.61417467,12906.28497617,9301.6358064,257801.69393017
"367",2017-11-08 01:20:04,809780,809663,809780,0.082,13.71417467,12906.55335084,9300.69680668,257790.59393017
"368",2017-11-08 01:20:05,809780,809746,809780,0.01,8.60841502,12903.88435231,9295.59104703,257790.57968982
"369",2017-11-08 01:20:06,809780,809746,809780,0.01,8.60841502,12907.99265188,9299.17704778,257786.57968982
"370",2017-11-08 01:20:07,809780,809746,809780,0.01,8.60841502,12921.42664814,9302.84344902,257786.52468982
"371",2017-11-08 01:20:08,809746,809746,809780,0.00800052,7.55841502,12918.24597424,9310.73204951,257785.56868878
"372",2017-11-08 01:20:09,809780,809746,809780,0.00800052,4.82161502,12926.07167498,9309.37774901,257784.5634893
"373",2017-11-08 01:20:10,809780,809747,809780,0.082,4.82161502,12921.27367424,9301.50425025,257784.5634893
"374",2017-11-08 01:20:11,809780,809747,809780,0.032,3.31161502,12930.67867374,9313.43775099,257786.1234893
"375",2017-11-08 01:20:12,809780,809780,809850,1.77138498,0.005,12922.35733412,9311.28223597,257786.93510432
"376",2017-11-08 01:20:13,809899,809781,809899,0.588,0.025,12918.78951972,9310.68913647,257788.86510432
"377",2017-11-08 01:20:14,809950,809750,809899,0.03,1.1561,12927.15284434,9313.87303697,257790.36510432
"378",2017-11-08 01:20:15,809950,809781,809898,0.588,1.1158,12929.8730542,9311.32603771,257790.95510432
"379",2017-11-08 01:20:16,809898,809781,809898,0.2,1.0758,12928.66477953,9317.67903771,257790.99330526
"380",2017-11-08 01:20:17,809950,809781,809950,0.2,17.955,12933.68305444,9316.49523771,257791.24225526
"381",2017-11-08 01:20:18,809950,809784,809940,7,10,12951.37805444,9332.02158718,257793.24225526
"382",2017-11-08 01:20:19,809940,809784,809940,7,8.6,12951.57835468,9331.01241219,257793.78065627
"383",2017-11-08 01:20:20,809748,809748,809940,1.81417638,8,12925.1029537,9335.69123448,257802.74065627
"384",2017-11-08 01:20:21,809950,809842,809950,0.05,14.96509917,12940.84095492,9336.60133588,257813.44065627
"385",2017-11-08 01:20:22,809842,809780,809940,0.038,10,12941.95464556,9339.79433663,257810.83565531
"386",2017-11-08 01:20:23,809842,809780,809837,0.038,0.08,12941.6506448,9327.72633489,257807.89207583
"387",2017-11-08 01:20:24,809940,809781,809832,0.6,0.02375558,12943.43067159,9327.82814595,257805.44507483
"388",2017-11-08 01:20:25,809940,809781,809939,0.6,0.9522,12923.4304292,9317.99403876,257812.32207483
"389",2017-11-08 01:20:26,809940,809940,809950,0.04967382,14.96509917,12939.34610375,9315.17178483,257813.76940101
"390",2017-11-08 01:20:27,809950,809940,809950,0.04967382,4.96509917,12944.17090375,9307.97178459,257822.76940101
"391",2017-11-08 01:20:28,809783,809783,809940,0.59,2,12945.04562993,9310.94348459,257822.82802483
"392",2017-11-08 01:20:29,810000,809950,810000,0.2,13.33060183,12946.75292968,9300.98348336,257832.34802483
"393",2017-11-08 01:20:30,810000,809950,810000,0.2,13.33060183,12931.75292872,9300.98448366,257832.34802483
"394",2017-11-08 01:20:31,810000,809950,809999,0.2,0.01,12946.8239297,9301.89448366,257831.34802483
"395",2017-11-08 01:20:32,810000,809950,810000,0.2,7.56060183,12946.7739297,9291.81548267,257833.77037577
"396",2017-11-08 01:20:33,810100,809950,810100,0.2,33.84660183,12944.76192876,9286.01448336,257842.99537505
"397",2017-11-08 01:20:34,810100,809950,810100,0.18520096,30.32660183,12943.9981295,9271.69448236,257846.52910409
"398",2017-11-08 01:20:35,810100,810100,810132,1.10639346,0.015,12966.54452296,9250.66788151,257876.00390686
"399",2017-11-08 01:20:36,810100,810100,810132,5.10639346,0.015,12991.16452443,9265.66788151,257875.50390686
"400",2017-11-08 01:20:37,810431,810073,810400,0.18639346,10,12988.21245724,9266.5580469,257884.68390686
"401",2017-11-08 01:20:38,810072,810387,810400,0.5379,6,12948.53875569,9276.9380469,257891.53285686
"402",2017-11-08 01:20:39,810387,810073,810400,11.9473,6,12955.51424594,9266.43804467,257886.78090686
"403",2017-11-08 01:20:40,810387,810074,810399,0.3,1.20000149,12961.50334619,9277.33122164,257886.378038
"404",2017-11-08 01:20:41,810400,810388,810400,0.081,14.20000149,12976.09154643,9283.73122164,257889.071038
"405",2017-11-08 01:20:42,810370,810152,810370,1.9,5.919,13016.11224853,9273.84022165,257893.252038
"406",2017-11-08 01:20:43,810370,810152,810370,1.9,5.919,13011.61454916,9278.79994237,257893.252038
"407",2017-11-08 01:20:44,810370,810155,810370,7,5.069,13012.26654916,9280.83964237,257893.08443714
"408",2017-11-08 01:20:45,810155,810156,810370,0.26,2.369,13009.66564916,9278.13964237,257898.88233714
"409",2017-11-08 01:20:46,810156,810156,810369,0.16,1.1006,12999.43414843,9280.85024436,257898.77233714
"410",2017-11-08 01:20:47,810400,810400,810449,0.33039851,0.04,13014.93104825,9272.66874386,257916.12093863
"411",2017-11-08 01:20:48,810400,810400,810430,0.31990013,0.131,13025.04184987,9258.49974064,257916.12963815
"412",2017-11-08 01:20:49,810157,810156,810430,0.3,0.121,13147.55774802,9266.30074163,257916.84963815
"413",2017-11-08 01:20:50,810158,810158,810430,1.3919,0.121,13169.54364925,9274.30074138,257917.64963815
"414",2017-11-08 01:20:51,810500,810159,810490,0.88,0.1,13217.95654925,9251.17774064,257920.64686363
"415",2017-11-08 01:20:52,810500,810159,810303,2.0562,0.01,13122.93844827,9252.28774064,257921.42644686
"416",2017-11-08 01:20:53,810498,810160,810400,1.4562,0.6,13114.9290553,9273.98144064,257921.94844686
"417",2017-11-08 01:20:54,810161,810161,810369,1.0673,28.44,12986.7631553,9298.40774014,257924.94844735
"418",2017-11-08 01:20:55,810014,810101,810369,0.04,27.67,12999.35915486,9301.23034211,257939.74844735
"419",2017-11-08 01:20:56,809950,809950,810000,0.19610096,13.5397,13078.65783421,9305.03944128,257946.12874735
"420",2017-11-08 01:20:57,809747,809747,810000,0.3442235,13.4697,13027.38525382,9316.04334202,257946.02012815
"421",2017-11-08 01:20:58,809749,809899,809999,0.07286495,0.108,12954.85562048,9314.74334326,257950.41217927
"422",2017-11-08 01:20:59,809710,809710,809999,0.02508921,2.1399,12910.62312048,9332.47738682,257951.51217927
"423",2017-11-08 01:21:00,809710,809710,809998,0.02508921,0.6,12948.62611974,9328.06738289,257951.51217927
"424",2017-11-08 01:21:01,809710,809573,809710,0.8021,1,12903.22312955,9336.98901925,257950.28882574
"425",2017-11-08 01:21:02,809710,809574,809709,1.20000024,0.59280125,12907.60992952,9337.06232822,257949.93432574
"426",2017-11-08 01:21:03,809710,809575,809709,1.02,0.59280125,12918.277831,9316.20912822,257949.88263499
"427",2017-11-08 01:21:04,809710,809576,809705,1.20000098,0.005,12914.08883026,9322.38612748,257949.88263499
"428",2017-11-08 01:21:05,809710,809576,809705,0.3,0.005,12908.78782854,9321.00722623,257948.86163499
"429",2017-11-08 01:21:06,809709,809705,809708,1.995,2,12916.15282927,9340.10172736,257948.78313724
"430",2017-11-08 01:21:07,809708,809705,809710,1.995,1,12919.0028305,9329.75412611,257949.13313724
"431",2017-11-08 01:21:08,809710,809705,809707,1.995,0.58880125,12915.0738305,9329.26292637,257949.32413724
"432",2017-11-08 01:21:09,809707,809705,809708,1.995,1.9112,12912.1758305,9318.84792637,257944.72413724
"433",2017-11-08 01:21:10,809705,809576,809705,0.60000049,0.0262,12907.58483148,9314.70292736,257935.91813724
"434",2017-11-08 01:21:11,809705,809573,809709,0.41119875,0.58880125,12911.05202974,9318.82422934,257935.51813724
"435",2017-11-08 01:21:12,809709,809573,809707,1.43119875,0.108,12919.16292925,9313.84772835,257925.64813724
"436",2017-11-08 01:21:13,809709,809574,809707,0.44,0.108,12919.653329,9304.02179983,257924.44813724
"437",2017-11-08 01:21:14,809572,809501,809572,2.30000147,0.54380125,12919.18213173,9297.61030034,257926.90433599
"438",2017-11-08 01:21:15,809501,809501,809572,1.85000147,0.54380125,12909.13213124,9328.13429959,257927.35433599
"439",2017-11-08 01:21:16,809501,809501,809572,1.85000147,0.54380125,12908.10093124,9330.28738578,257927.26833599
"440",2017-11-08 01:21:17,809572,809561,809572,0.01,0.44380125,12905.41523124,9329.45328578,257927.46833599
"441",2017-11-08 01:21:18,809501,809501,809572,0.21000147,0.24380125,12878.26541077,9330.43768579,257929.66833599
"442",2017-11-08 01:21:19,809501,809501,809567,1.3100027,0.005,12889.896912,9335.08828753,257931.56833599
"443",2017-11-08 01:21:20,809501,809501,809567,0.9100027,0.005,12900.169512,9316.41858554,257931.65833599
"444",2017-11-08 01:21:21,809567,809502,809567,1.1612,0.00350063,12901.580712,9317.89797206,257932.44524826
"445",2017-11-08 01:21:22,809500,809500,809572,2.77120343,0.24380125,12908.08171322,9303.97947143,257937.72365848
"446",2017-11-08 01:21:23,809699,809500,809707,0.47120343,0.01,12907.6397142,9305.72407073,257935.75745973
"447",2017-11-08 01:21:24,809500,809459,809500,0.00650185,6.41509657,12901.24751053,9313.61086631,257937.34236316
"448",2017-11-08 01:21:25,809214,809214,809499,5.1286624,0.0431,12905.92751175,9316.59396606,257941.79926365
"449",2017-11-08 01:21:26,809500,809522,809566,0.38180514,7,12890.00931665,9315.07577073,257965.70245973
"450",2017-11-08 01:21:27,809338,809338,809400,1.40000098,0.32819486,12889.329132,9296.81576459,257968.68649056
"451",2017-11-08 01:21:28,809220,809221,809338,0.3,5,12894.50753273,9311.65166395,257970.08649056
"452",2017-11-08 01:21:29,809337,809221,809337,0.3,0.06,12904.00913297,9300.21076345,257969.31399978
"453",2017-11-08 01:21:30,809215,809215,809338,2.59162,4.9454,12898.81913322,9299.91016345,257972.42859978
"454",2017-11-08 01:21:31,809337,809179,809337,0.5,0.0965,12887.67281249,9305.57835234,257972.72289954
"455",2017-11-08 01:21:32,809338,809216,809338,0.0355,1.37010024,12909.08371322,9302.84825234,257977.22789954
"456",2017-11-08 01:21:33,809180,809180,809338,0.6355,1.37010024,12898.20871322,9302.84825234,257983.41339954
"457",2017-11-08 01:21:34,809180,809181,809333,0.8,0.005,12903.23371322,9309.7531521,257983.65909958
"458",2017-11-08 01:21:35,809181,809181,809337,0.2,1.905,12902.50371322,9313.1941521,257984.15909958
"459",2017-11-08 01:21:36,809099,809010,809099,0.1,0.3468,12900.48821175,9313.57806785,257984.01229958
"460",2017-11-08 01:21:37,809377,809284,809378,0.01,1.9722,12896.17211126,9314.28630911,257979.95909958
"461",2017-11-08 01:21:38,809000,809004,809079,0.28,0.001,12896.23211224,9313.89792344,257982.55409958
"462",2017-11-08 01:21:39,809001,809001,809183,0.28,0.18,12898.55211298,9303.31135063,257984.00289882
"463",2017-11-08 01:21:40,809199,809221,809333,0.44136238,0.005,12896.02191222,9307.33414987,257989.09160031
"464",2017-11-08 01:21:41,809221,809221,809333,0.05136238,0.005,12897.23191222,9307.03795425,257989.49160031
"465",2017-11-08 01:21:42,808756,808755,808999,5,5.73863762,12887.7005491,9316.60858791,257998.88540454
"466",2017-11-08 01:21:43,808755,808755,808990,4.97,0.2,12877.51755009,9318.90858989,257998.72390527
"467",2017-11-08 01:21:44,808755,808910,808989,0.5,0.9965,12893.00055156,9321.3787501,258000.04490527
"468",2017-11-08 01:21:45,808989,808902,808965,0.01,0.17,12896.02525156,9330.18495035,258002.2824697
"469",2017-11-08 01:21:46,808988,808756,808987,0.6267,0.6,12891.65225156,9325.86025035,258001.1724697
"470",2017-11-08 01:21:47,808988,808885,808987,0.01,2.3533,12895.1521518,9322.82036443,258001.1724697
"471",2017-11-08 01:21:48,808755,808758,808987,0.506,0.6,12884.17915131,9314.64899941,258003.3224697
"472",2017-11-08 01:21:49,808758,808965,808982,0.00179986,0.005,12893.51495166,9304.3037838,258004.3524697
"473",2017-11-08 01:21:50,808758,808965,808982,0.00179986,0.005,12894.00695166,9304.7738838,258003.7524697
"474",2017-11-08 01:21:51,808758,808965,808982,0.00179986,0.005,12895.89695166,9315.44168455,258003.5524697
"475",2017-11-08 01:21:52,808401,808401,808986,5.35350576,0.108,12902.7904584,9314.49265578,258007.23207748
"476",2017-11-08 01:21:53,808250,808250,808540,7.28,0.06,12894.24695166,9315.68742869,258006.93207748
"477",2017-11-08 01:21:54,808251,808258,808540,0.004,0.06,12890.4855496,9324.20232943,258009.822392
"478",2017-11-08 01:21:55,808540,808540,808850,0.01,0.02,12902.06505683,9316.47123091,258009.882392
"479",2017-11-08 01:21:56,808250,808250,808850,0.09090123,0.02,12883.23845181,9316.34633017,258026.69131305
"480",2017-11-08 01:21:57,808232,808301,808850,0.0535,0.02,12891.77195328,9310.16782893,258021.92031305
"481",2017-11-08 01:21:58,808857,808320,808741,2,0.54,12893.2965528,9308.05952695,258022.80631305
"482",2017-11-08 01:21:59,808260,808260,808741,0.143,0.54,12895.73355255,9313.78142646,258022.79287922
"483",2017-11-08 01:22:00,808301,808259,808301,14.443,0.08820114,12881.74555304,9310.46361294,258022.96853599
"484",2017-11-08 01:22:01,808740,808350,808740,0.3,2.15820114,12891.42715781,9321.69471294,258021.28877756
"485",2017-11-08 01:22:02,808740,808500,808740,8,5.05820114,12907.27715781,9331.28071393,258021.87477756
"486",2017-11-08 01:22:03,808500,808500,808739,4,0.60000198,12904.69715781,9324.18071591,258025.86977756
"487",2017-11-08 01:22:04,808500,808501,808600,0.266,1,12901.72915737,9314.01193396,258028.45977756
"488",2017-11-08 01:22:05,808500,808500,808594,1.166,0.01,12903.0261568,9332.41876494,258027.68367756
"489",2017-11-08 01:22:06,808594,808502,808594,0.133,0.00850043,12900.40215852,9331.08880045,258027.97517713
"490",2017-11-08 01:22:07,808501,808503,808594,0.133,0.00750043,12899.38915803,9326.79789872,258030.07617713
"491",2017-11-08 01:22:08,808700,808700,808736,2.54249882,4.26690198,12906.98665586,9324.16482015,258031.97267831
"492",2017-11-08 01:22:09,808500,808500,808700,3.147,0.24032118,12917.40565203,9351.15557799,258035.53337747
"493",2017-11-08 01:22:10,808736,808584,808736,0.0715,0.73532316,13020.53055178,9353.52717997,258035.43337747
"494",2017-11-08 01:22:11,808736,808584,808693,0.0715,0.01,13061.78055104,9369.30317898,258025.53737747
"495",2017-11-08 01:22:12,808442,808350,808500,0.3,1.71,13075.79185153,9367.90557928,258029.62945623
"496",2017-11-08 01:22:13,808500,808350,808500,0.1,1.03,13039.31785153,9368.42557953,258030.51286277
"497",2017-11-08 01:22:14,808499,808501,808739,19.505,2.0299,13061.1452503,9377.86648052,258022.77896567
"498",2017-11-08 01:22:15,808499,808584,808737,3.38650576,1.20000075,13068.32645705,9376.25147904,258015.72096567
"499",2017-11-08 01:22:16,808584,808584,808595,2.57650402,0.01,13056.62095482,9374.68325587,258008.55832557
"500",2017-11-08 01:22:17,808584,808503,808737,1.97650303,10.76000174,13049.95695506,9370.29401921,258008.45572656
"501",2017-11-08 01:22:18,808584,808595,808737,0.01,10.76000174,13000.96785506,9363.48201921,258003.83812656
"502",2017-11-08 01:22:19,808737,808736,808737,0.00179916,9.59800091,12979.40205446,9361.88711987,257998.59182664
"503",2017-11-08 01:22:20,808736,808600,808858,7.5,0.002,12978.00315128,9334.56111896,258006.8886258
"504",2017-11-08 01:22:21,808948,808851,808948,1.37650303,2.49200149,12919.88275382,9326.68811941,258008.5926258
"505",2017-11-08 01:22:22,808851,808851,808948,1.20450303,2.39300149,12920.86265382,9325.88511941,258007.06161902
"506",2017-11-08 01:22:23,808601,808601,808938,0.39989925,0.001,12928.87014955,9316.28611866,258009.06162052
"507",2017-11-08 01:22:24,808928,808601,808938,0.89989826,0.001,12933.35014832,9323.82302139,258009.19882151
"508",2017-11-08 01:22:25,808777,808601,808944,0.5,0.12,12927.24525006,9324.07701717,258008.12149785
"509",2017-11-08 01:22:26,808945,808852,808945,0.6,3.1204,12937.6027503,9323.35351717,258007.57149785
"510",2017-11-08 01:22:27,808945,808602,808945,0.5995,0.92957025,12928.55275006,9325.96268742,258010.7592243
"511",2017-11-08 01:22:28,808943,808688,808943,1,0.08,12932.1184509,9326.91028742,258001.0192243
"512",2017-11-08 01:22:29,808945,808689,808944,0.5,0.1,12919.7689509,9337.20131993,258001.58651753
"513",2017-11-08 01:22:30,808948,808945,808948,0.2997,0.43920175,12927.37956243,9337.54052243,258001.93631578
"514",2017-11-08 01:22:31,809000,808945,809000,0.2997,0.04520175,12928.8940623,9336.27305937,258000.306743
"515",2017-11-08 01:22:38,809125,809001,809037,0.7,0.00520096,12947.6220746,9339.61011902,257987.85130262
"516",2017-11-08 01:22:39,809001,809000,809001,10.44979925,1.32562341,12941.92767084,9340.64554416,257987.71590262
"517",2017-11-08 01:22:40,809000,809000,809001,6.74979925,0.62562341,12937.12567108,9340.26148082,257991.03590262
"518",2017-11-08 01:22:41,809000,809000,809001,1.73999925,0.26272341,12936.86587108,9338.20031827,257995.82170262
"519",2017-11-08 01:22:42,809166,809129,809166,0.02,0.56089936,12938.17901864,9341.56121912,257997.25380334
"520",2017-11-08 01:22:43,809166,809129,809166,0.02,0.55089936,12936.07982969,9343.12670271,257994.10580334
"521",2017-11-08 01:22:44,809168,809129,809168,0.02,0.32819779,12939.03542993,9336.72776655,257995.34580334
"522",2017-11-08 01:22:45,809129,809129,809167,0.01,0.198,12938.52542993,9341.50756876,257995.86780334
"523",2017-11-08 01:22:46,809129,809129,809167,0.01,0.198,12922.69942969,9339.16396776,257995.76780334
"524",2017-11-08 01:22:47,809129,809003,809147,0.7435,0.001,12931.63142969,9339.35196875,257996.79640334
"525",2017-11-08 01:22:48,809003,809004,809147,1.2,0.001,12932.8834297,9343.66006752,257997.02440334
"526",2017-11-08 01:22:49,809180,809134,809250,0.005,0.02,12934.49492994,9341.58506752,257997.21440334
"527",2017-11-08 01:22:50,809378,809180,809375,0.2,1.4814,12920.55692994,9340.71198052,257998.65670127
"528",2017-11-08 01:22:51,809375,809180,809230,0.2,0.01,12930.66884162,9333.72198052,257991.48229366
"529",2017-11-08 01:22:52,809375,809181,809230,1.2953,0.01,12929.41414088,9333.79518225,257985.85911136
"530",2017-11-08 01:22:53,809181,809182,809230,1.2,0.01,12929.70414211,9337.50518027,257985.85061073
"531",2017-11-08 01:22:54,808943,808943,809180,0.8,0.01,12909.5598422,9336.80617878,257989.6165099
"532",2017-11-08 01:22:55,809300,808948,809300,0.005,0.517,12914.61884171,9345.13858002,257989.2825099
"533",2017-11-08 01:22:56,809300,808948,809250,0.005,3,12913.82484146,9356.66837953,257989.2825099
"534",2017-11-08 01:22:57,809250,809003,809250,0.3701,2.97,12917.95394146,9345.38837953,257989.3045099
"535",2017-11-08 01:22:58,809250,809000,809250,2,2.8577,12914.14174122,9348.24627977,257991.25301023
"536",2017-11-08 01:22:59,809250,809000,809249,2,0.108,12904.24174073,9346.75427878,257992.10151533
"537",2017-11-08 01:23:00,809050,809005,809008,0.005,1.75,12916.36064122,9345.10807953,257992.14551533
"538",2017-11-08 01:23:01,809001,809001,809008,0.1166795,1.75,12913.14282048,9352.13857953,257993.37563583
"539",2017-11-08 01:23:02,809300,809029,809300,0.01,0.1980205,12916.35304245,9347.66980033,258003.59231533
"540",2017-11-08 01:23:03,809299,809029,809299,0.01,6.95,12921.35304221,9348.49788659,258001.83729598
"541",2017-11-08 01:23:04,809299,809029,809249,0.01,0.6,12909.37804098,9344.52188723,258001.80729598
"542",2017-11-08 01:23:05,809249,809029,809249,0.01,0.59520076,12920.46304196,9342.36008873,258000.61209522
"543",2017-11-08 01:23:06,809249,809029,809248,0.01,7,12915.69304196,9344.27409023,258000.21209522
"544",2017-11-08 01:23:07,809248,809164,809247,0.01,0.32,12921.52504171,9345.62148948,258001.89709522
"545",2017-11-08 01:23:08,809164,808949,809000,0.002,4.99,12886.45034046,9366.6079052,257997.06599522
"546",2017-11-08 01:23:09,809000,808949,809000,0.002,1.98820064,12876.85033997,9361.33310509,258000.05479458
"547",2017-11-08 01:23:10,808902,808909,809000,0.005,1.3882004,12876.22204073,9362.93870262,257997.15779482
"548",2017-11-08 01:23:11,809000,808999,809000,0.01,0.3382004,12877.14194097,9385.15750309,257996.70779482
"549",2017-11-08 01:23:12,809000,808801,809000,0.155,0.32520032,12892.59689706,9371.71960273,257992.95579488
"550",2017-11-08 01:23:13,809000,808801,809000,0.155,0.32520032,12908.49799706,9348.4966851,257990.94579488
"551",2017-11-08 01:23:14,809245,809000,809245,0.00479974,2.08980032,12911.50279901,9344.18878549,257991.93579488
"552",2017-11-08 01:23:15,809245,809000,809245,0.00479974,0.94980032,12921.36279915,9326.80578549,257991.0616683
"553",2017-11-08 01:23:16,809250,809000,809244,0.00479974,1.12,12922.6492994,9328.18688542,257991.0716683
"554",2017-11-08 01:23:17,809000,809000,809244,0.00379974,1.11,12912.72919891,9329.90218517,257951.0826683
"555",2017-11-08 01:23:18,809244,809000,809243,0.00379974,1.9134,12923.35430013,9330.7273999,257950.03649288
"556",2017-11-08 01:23:19,809244,809039,809243,0.041,1.3134,12920.49529891,9322.72740015,257949.02649288
"557",2017-11-08 01:23:20,809244,809039,809242,0.041,1.3134,12923.22529965,9337.12740065,257949.05442969
"558",2017-11-08 01:23:21,809242,809040,809241,2.72450228,1.2,12919.52410044,9332.3207999,257945.81514063
"559",2017-11-08 01:23:22,809039,809039,809241,0.035,1.2,12937.03389791,9341.01499991,257938.62114063
"560",2017-11-08 01:23:23,809241,809039,809242,0.03300002,10,12954.57429842,9341.29728518,257932.40913999
"561",2017-11-08 01:23:24,809241,809039,809241,0.03300002,0.63,12944.58015078,9330.82708518,257931.82914549
"562",2017-11-08 01:23:25,809242,809041,809242,0.7424,0.39670083,12972.21325428,9315.98002644,257919.79706796
"563",2017-11-08 01:23:26,809242,809041,809241,1.3424,0.68,12966.40575176,9315.16002694,257910.42706629
"564",2017-11-08 01:23:27,809241,809142,809241,0.031,0.67,12982.95660231,9316.47102694,257893.05958982
"565",2017-11-08 01:23:28,809143,809143,809500,2.68450228,1.07772233,12983.89210361,9311.01894167,257874.87958982
"566",2017-11-08 01:23:29,809500,809179,809500,0.5,0.07772233,12982.74360241,9307.54540341,257867.47958982
"567",2017-11-08 01:23:30,809500,809180,809300,0.6,3,12983.96180143,9314.87440441,257866.69248286
"568",2017-11-08 01:23:31,809300,809181,809300,2.68450228,2.5,12984.83370273,9318.8850059,257857.06128586
"569",2017-11-08 01:23:32,809300,809182,809300,0.6,1.5,12980.74780045,9327.51760689,257856.27028586
"570",2017-11-08 01:23:33,809182,809182,809300,0.59450083,1.49,12972.1026003,9336.64949266,257845.38078503
"571",2017-11-08 01:23:34,809182,809182,809300,2.33690083,1.49,12974.4534003,9337.80169241,257845.36098499
"572",2017-11-08 01:23:35,809300,809183,809300,1.7424,1.48,12976.29890021,9358.39169166,257843.36928501
"573",2017-11-08 01:23:36,809300,809184,809300,4.41910228,0.46820094,12976.68010357,9357.4108929,257842.64008407
"574",2017-11-08 01:23:37,809300,809185,809300,0.19450083,0.46820094,12976.53110342,9356.21089191,257841.10008407
"575",2017-11-08 01:23:38,809300,809185,809300,1.7346,0.46820094,12979.36410154,9346.0707924,257840.14008407
"576",2017-11-08 01:23:39,809185,809181,809295,0.3,0.05,12978.46930154,9353.23479265,257839.46158314
"577",2017-11-08 01:23:40,809295,809186,809295,4.41910228,0.04,12985.32550332,9354.28089265,257838.98358314
"578",2017-11-08 01:23:41,809341,809187,809341,1.756,0.00820094,12972.76240129,9353.3808934,257838.98358314
"579",2017-11-08 01:23:42,809501,809179,809501,0.5,0.00183099,12971.55640129,9348.9288921,257836.49258314
"580",2017-11-08 01:23:43,809501,809501,809601,0.09996901,1.002,12979.41057392,9358.40406232,257835.68741413
"581",2017-11-08 01:23:44,809501,809501,809601,0.3,1.002,12998.4996054,9363.39096232,257832.59571921
"582",2017-11-08 01:23:45,809501,809501,809601,0.3,1.002,12992.91510238,9362.39096282,257828.07910429
"583",2017-11-08 01:23:46,809601,809502,809601,2.68450228,0.598,12995.72960466,9356.8878638,257817.84647685
"584",2017-11-08 01:23:48,809503,809504,809601,1.6981,0.598,12987.49420091,9352.33516257,257772.88647685
"585",2017-11-08 01:23:49,809601,809505,809601,2.58450228,0.198,12990.57870319,9357.04516356,257770.65647734
"586",2017-11-08 01:23:50,809601,809505,809601,2.58450228,0.398,12985.45840295,9398.95886356,257768.72472048
"587",2017-11-08 01:23:51,809844,809510,809842,0.16850033,0.3,12984.07590164,9392.25886356,257770.64906329
"588",2017-11-08 01:23:52,809820,809510,809820,0.16850033,0.0374,12979.64670065,9404.04180076,257769.46006329
"589",2017-11-08 01:23:53,809501,809501,809709,0.05550033,0.0315,12988.54060114,9396.2359025,257767.32346329
"590",2017-11-08 01:23:54,809351,809351,809842,1.33390033,0.3,12998.66060114,9385.138903,257785.32346329
"591",2017-11-08 01:23:55,809842,809502,809647,1.6577,0.01,12994.78440155,9394.60120375,257785.32246329
"592",2017-11-08 01:23:56,809842,809504,809647,0.9701,0.01,12993.19900164,9396.11120524,257780.99046257
"593",2017-11-08 01:23:57,809842,809505,809647,0.6,0.01,12994.33180188,9390.66120598,257772.54546257
"594",2017-11-08 01:23:58,809850,809601,809850,0.00179966,0.1113,12999.92760228,9391.83720578,257772.79546257
"595",2017-11-08 01:23:59,809179,809179,809841,0.29840049,0.101,12991.97980228,9387.48590404,257777.35546257
"596",2017-11-08 01:24:00,809506,809506,809646,1.68190045,0.3,12988.16970052,9403.26960529,257776.56266021
"597",2017-11-08 01:24:01,809506,809506,809645,1.66190045,0.6,12979.3297015,9398.76360529,257774.68765925
"598",2017-11-08 01:24:02,809506,809506,809645,1.66190045,0.6,12986.54070224,9396.48730454,257770.29956766
"599",2017-11-08 01:24:03,809506,809452,809646,1.6979,0.295,12988.67670253,9396.80800504,257768.16756718
"600",2017-11-08 01:24:04,809506,809452,809695,1.6979,0.6,12988.97670351,9397.81300504,257766.14396718
