"","time","lst","best_bid","best_ask","best_bid_size","best_ask_size","total_bid_depth","total_ask_depth","volume"
"1",2017-11-08 01:56:10,808400,808400,808560,0.0158,0.005,13005.09500354,9534.94792144,254137.30392626
"2",2017-11-08 01:56:11,808560,808400,808560,0.0158,0.004,13020.49740255,9528.14692119,254136.15592504
"3",2017-11-08 01:56:12,808560,808400,808560,0.0158,0.003,13007.85600205,9533.87592069,254134.85692504
"4",2017-11-08 01:56:13,808560,808400,808559,0.0158,7,13009.04110279,9556.15502069,254133.85592504
"5",2017-11-08 01:56:14,808560,808400,808558,0.0158,0.6,13003.74070255,9555.64462069,254133.3569236
"6",2017-11-08 01:56:15,808560,808400,808558,0.0158,0.6,13009.72052904,9555.03462069,254128.0549236
"7",2017-11-08 01:56:16,808558,808158,808558,0.21917351,0.599,13005.30120132,9557.60452094,254128.2559236
"8",2017-11-08 01:56:19,808106,808106,808559,0.96928854,6.7106,12967.80279109,9548.16682094,254180.19503506
"9",2017-11-08 01:56:20,807786,808159,808333,0.276,0.01,12969.344272,9564.39782316,254181.5972356
"10",2017-11-08 01:56:21,807182,807601,807887,2.40000074,0.03,12960.80978396,9565.38182024,254181.9052356
"11",2017-11-08 01:56:22,807605,807602,807663,0.96,0.019,12964.72593136,9562.25019061,254181.57349952
"12",2017-11-08 01:56:23,807601,807182,807601,0.18248116,0.63359976,12958.1471326,9564.76479666,254183.60299979
"13",2017-11-08 01:56:24,807651,807651,807663,0.24120099,0.019,12970.08433359,9559.94442697,254184.41956603
"14",2017-11-08 01:56:25,807600,807182,807600,5.18248116,7.19299901,12974.7894326,9553.58975308,254185.06166702
"15",2017-11-08 01:56:26,807600,807183,807600,0.6,7.19299901,12975.3894321,9554.88975308,254184.06166702
"16",2017-11-08 01:56:27,807599,807184,807599,0.6,0.38830083,12986.1431326,9546.57361222,254184.52416694
"17",2017-11-08 01:56:28,807599,807183,807599,0.84000024,0.38430083,12991.1231326,9559.15061498,254185.52816694
"18",2017-11-08 01:56:29,807599,807185,807599,0.577,0.38230083,12992.41107005,9549.54861423,254186.20686694
"19",2017-11-08 01:56:30,807600,807391,807600,0.04,1.44009984,13008.38907029,9511.77361275,254191.78506768
"20",2017-11-08 01:56:31,807600,807495,807599,0.04,0.6,13010.55926856,9528.572613,254177.00796768
"21",2017-11-08 01:56:35,807709,807709,807987,0.0594,0.599,13016.94106446,9535.14563281,254172.88059802
"22",2017-11-08 01:56:36,807987,807709,807987,0.0594,0.598,13015.21106446,9526.92763232,254172.62159802
"23",2017-11-08 01:56:37,807987,807709,807990,0.0594,0.98312935,13030.16506545,9534.86783306,254172.47245571
"24",2017-11-08 01:56:38,807987,807709,807990,0.0594,0.98312935,13026.31416545,9544.97447276,254171.47385693
"25",2017-11-08 01:56:42,807990,807709,807989,0.0594,0.8,13021.9274647,9549.46807277,254170.67285693
"26",2017-11-08 01:56:43,807710,807710,807989,6.987,0.8,13028.6414647,9563.32507252,254169.68585693
"27",2017-11-08 01:56:44,808000,807990,808035,0.78087065,0.014,13028.18843535,9571.48584317,254170.47398628
"28",2017-11-08 01:56:45,808035,807712,808035,0.16,0.013,13018.09566544,9576.39484267,254170.47498628
"29",2017-11-08 01:56:46,808154,808087,808154,0.461,0.178,13014.73726396,9576.92484267,254169.66268682
"30",2017-11-08 01:56:47,808154,808087,808154,0.461,0.01052787,13005.36546495,9563.52937103,254169.83015895
"31",2017-11-08 01:56:48,808155,808087,808155,0.461,0.46,13013.97066396,9562.24157253,254170.62515895
"32",2017-11-08 01:56:49,808155,808092,808155,0.005,0.46,13017.68616445,9556.31357352,254170.51335969
"33",2017-11-08 01:56:50,808155,808092,808155,0.005,0.455,13017.92166445,9552.63257332,254170.51835969
"34",2017-11-08 01:56:51,808190,808092,808154,0.005,0.5,13021.8421642,9532.62357307,254180.41935969
"35",2017-11-08 01:56:52,808190,808092,808190,0.005,0.92076707,12996.74616347,9524.00157059,254180.07755969
"36",2017-11-08 01:56:53,808190,808092,808190,0.005,0.86876707,13006.99936347,9516.34957109,254180.12955969
"37",2017-11-08 01:56:54,808190,808092,808190,0.005,0.86876707,13009.6101652,9520.54957084,254179.62806072
"38",2017-11-08 01:56:55,808088,808088,808190,1.0242784,0.46876707,13009.4454436,9522.04957184,254180.03426072
"39",2017-11-08 01:56:56,808190,808089,808235,0.723,0.014,13009.5695436,9527.58080477,254180.42002779
"40",2017-11-08 01:56:57,808235,808089,808235,2.5507,0.013,13024.14954433,9527.57980452,254180.44102779
"41",2017-11-08 01:56:58,808089,808089,808235,1.2117,0.013,13022.81054433,9527.56580501,254180.98002779
"42",2017-11-08 01:56:59,808300,808094,808300,0.005,5.041,13013.93464314,9530.96580426,254181.46746057
"43",2017-11-08 01:57:00,808300,808094,808300,0.005,5.039,13013.49616474,9531.29380501,254178.57127062
"44",2017-11-08 01:57:01,808100,808094,808100,0.005,1.682,12977.77810223,9526.27580352,254178.59467062
"45",2017-11-08 01:57:02,808100,808094,808100,0.005,1.682,12977.98810124,9518.29300476,254176.53432401
"46",2017-11-08 01:57:03,808099,808094,808099,0.005,7.0162,12993.0932273,9522.79000319,254172.53516328
"47",2017-11-08 01:57:04,807799,807799,808098,1.1527,0.6,12983.21322681,9525.79000369,254171.23416328
"48",2017-11-08 01:57:05,807799,807900,808098,0.006,0.6,12993.51162705,9518.82780369,254170.83416328
"49",2017-11-08 01:57:06,808098,807900,808098,0.006,0.599,12987.33372775,9533.09180469,254170.83516328
"50",2017-11-08 01:57:07,807799,807799,808097,0.873,7,12979.69072627,9541.20580499,254171.08926328
"51",2017-11-08 01:57:08,807560,807561,808097,1.155,7.42790074,12973.02372627,9541.50370573,254171.49106254
"52",2017-11-08 01:57:09,807560,807561,807990,0.35,0.412,12968.77372775,9530.35690473,254174.69206182
"53",2017-11-08 01:57:10,807562,807562,807990,0.95000074,0.411,12963.35372849,9534.92870622,254173.01306182
"54",2017-11-08 01:57:11,807562,807562,807989,0.41200074,1.085,12963.33412849,9534.17980622,254161.71726182
"55",2017-11-08 01:57:12,807989,807666,807999,0.05,1.052,12962.47342775,9530.34680572,254161.30122882
"56",2017-11-08 01:57:13,807989,807563,807989,0.5577,6.999,12971.1311275,9543.79080845,254159.70412834
"57",2017-11-08 01:57:16,807989,807806,807987,0.01,0.09,12981.00467227,9530.70050348,254154.93539027
"58",2017-11-08 01:57:17,807989,807806,807999,0.01,1.0767,12979.80467178,9529.61050348,254154.93539027
"59",2017-11-08 01:57:18,807600,807600,807986,0.29,1.0583,12980.84537252,9531.49310303,254154.95539027
"60",2017-11-08 01:57:19,807985,807921,807985,0.01,6.999,12981.38507252,9536.83710501,254154.42739027
"61",2017-11-08 01:57:20,807985,807921,807984,0.01,0.28,12963.72393805,9538.26080402,254154.42839027
"62",2017-11-08 01:57:21,807985,807978,807984,0.01,0.69,12965.30293805,9534.86940476,254154.22980735
"63",2017-11-08 01:57:23,807986,807977,807985,0.01,0.6,12950.38663756,9535.50240526,254143.02980638
"64",2017-11-08 01:57:24,807986,807977,807985,0.01,0.6,12950.38663756,9531.10240229,254142.56164178
"65",2017-11-08 01:57:25,807601,807601,807985,0.0818,0.61240044,12949.88663756,9541.30160376,254141.39444134
"66",2017-11-08 01:57:26,807601,807602,807984,7,1.2171,12951.86663756,9543.51870401,254140.88680398
"67",2017-11-08 01:57:27,807988,807988,808000,1.58569956,1.0068,12916.77313668,9548.98920357,254142.06710574
"68",2017-11-08 01:57:28,807988,807819,808000,0.01,0.0068,12928.91673712,9550.38920406,254133.03280434
"69",2017-11-08 01:57:29,807604,807993,808000,0.005,0.0068,12932.19933805,9553.33360456,254128.1255082
"70",2017-11-08 01:57:30,807605,807605,808000,7.5915,0.0068,12968.0993383,9544.49520307,254126.83282084
"71",2017-11-08 01:57:31,807605,807606,808000,0.16,0.0058,12949.33433633,9544.65320307,254117.63681952
"72",2017-11-08 01:57:32,807605,807607,807704,7,0.006,12957.84243608,9543.58920282,254111.85961155
"73",2017-11-08 01:57:33,807704,807828,808000,0.004,0.0158,12954.73683584,9540.56320282,254102.5837695
"74",2017-11-08 01:57:34,807704,807828,807988,0.004,0.1,12950.92283683,9540.03320207,254087.04548268
"75",2017-11-08 01:57:35,807704,807828,807988,0.004,0.1,12948.93273683,9545.62410504,254080.19308268
"76",2017-11-08 01:57:36,807828,807611,807988,7,0.099,12960.54173658,9559.69910504,254074.33741744
"77",2017-11-08 01:57:37,807828,807611,807900,7,1.682,12958.72803682,9574.00050678,254060.55511715
"78",2017-11-08 01:57:38,807828,807611,807899,7,1.0019,12965.39913633,9575.25440678,254053.91501619
"79",2017-11-08 01:57:39,807828,807610,807899,0.16,1.6019,12949.39913608,9588.15040703,254050.74431499
"80",2017-11-08 01:57:40,807608,807608,807898,2.39600099,2.0478,12958.13913657,9592.14130708,254045.56835231
"81",2017-11-08 01:57:41,807608,807609,807900,1.1958,1.682,12959.49893558,9572.26550361,254043.87635231
"82",2017-11-08 01:57:42,807600,807650,807842,2,0.04,12959.79893558,9555.98950361,254045.14535231
"83",2017-11-08 01:57:43,807650,807650,807842,1.3,0.04,12959.09893558,9554.78960361,254045.40537603
"84",2017-11-08 01:57:44,807898,807720,807842,0.05,0.5,12955.66313534,9554.26470386,254049.73817573
"85",2017-11-08 01:57:45,807608,807555,807608,0.05,2.45,12948.41113534,9545.72050261,254045.95817573
"86",2017-11-08 01:57:46,807899,807555,807651,0.05,0.21,12952.28513534,9541.4935041,254047.96977034
"87",2017-11-08 01:57:47,807899,807555,807651,0.05,0.21,12962.2790351,9541.53550286,254043.17527147
"88",2017-11-08 01:57:48,807756,807555,807756,0.05,0.00720044,12967.89703633,9542.69910479,254040.89171437
"89",2017-11-08 01:57:49,807756,807555,807756,0.05,0.00720044,12967.72983633,9552.34710554,254040.89171573
"90",2017-11-08 01:57:50,807756,807555,807607,0.05,0.6,12967.90833633,9550.29860305,254040.08471573
"91",2017-11-08 01:57:51,807500,807501,807607,0.6,0.6,12968.20733583,9548.93960369,254040.28467573
"92",2017-11-08 01:57:52,807556,807501,807556,0.6,0.009,12959.58983633,9548.92290642,254038.83053022
"93",2017-11-08 01:57:53,807555,807501,807555,0.6,0.04520086,12968.61783682,9556.46160803,254032.1346302
"94",2017-11-08 01:57:54,807899,807501,807896,0.76,0.08,12967.71913682,9555.14160828,254034.2070302
"95",2017-11-08 01:57:55,807501,807501,807891,0.16,0.005,12969.51913707,9550.65730605,254034.7532302
"96",2017-11-08 01:57:56,807501,807501,807891,0.16,0.005,12952.19113658,9546.87480326,254034.7515302
"97",2017-11-08 01:57:57,807891,807501,807891,0.16,0.004,12957.66023707,9547.51720326,254034.65932602
"98",2017-11-08 01:57:58,807891,807489,807501,0.05,0.16,12970.65729427,9553.98580149,254033.94872482
"99",2017-11-08 01:57:59,807501,807489,807501,0.05,0.15699978,12971.97449352,9554.26450149,254031.90031035
"100",2017-11-08 01:58:00,807326,807304,807500,0.006,5.33069446,12970.33449328,9553.17489617,254031.64111035
"101",2017-11-08 01:58:01,807489,807304,807489,0.006,0.0303,12969.55449279,9554.93519667,254028.68021155
"102",2017-11-08 01:58:02,807499,807250,807499,0.2192392,1.5515,12983.30373248,9549.87539836,254035.4854336
"103",2017-11-08 01:58:03,807182,807305,807488,1.4,5.33069446,12971.65955304,9554.62623096,254040.4978136
"104",2017-11-08 01:58:04,807000,807000,807143,9.89576317,0.03,12965.25955304,9540.34013071,254048.25656256
"105",2017-11-08 01:58:05,807000,807000,807344,3.98536295,0.008,12949.24915233,9551.00123095,254053.72558656
"106",2017-11-08 01:58:06,807251,807251,807343,4.22,2.33069446,12965.18960099,9549.49223119,254054.17558656
"107",2017-11-08 01:58:07,807251,807251,807343,2.21,2.31469446,12962.54010099,9554.57893268,254056.1997873
"108",2017-11-08 01:58:08,807343,807251,807343,1.4817,2.31369446,12966.1978005,9554.37523268,254055.38412479
"109",2017-11-08 01:58:09,807343,807251,807338,1.4817,0.005,12966.79780149,9554.77533268,254053.41142479
"110",2017-11-08 01:58:10,807000,807001,807343,1.4043,1.75779446,12966.93140149,9553.81933268,254046.11440525
"111",2017-11-08 01:58:11,807000,807000,807343,3.65966295,1.75779446,12955.401401,9549.31433169,254038.17572388
"112",2017-11-08 01:58:15,807000,807000,807147,3.76776295,0.009,12904.3015005,9544.34933259,254029.83852337
"113",2017-11-08 01:58:16,807000,807000,807147,3.76776295,0.009,12899.50150026,9544.34933259,254029.86852037
"114",2017-11-08 01:58:17,807000,807000,807147,2.76776295,0.009,12907.3105005,9544.77913259,254030.39312037
"115",2017-11-08 01:58:18,807000,807000,807147,2.76776295,0.009,12907.2905005,9541.60623614,254027.58122156
"116",2017-11-08 01:58:19,807000,806955,807000,0.011,0.35760456,12915.54679086,9540.69043719,254031.36959894
"117",2017-11-08 01:58:20,807145,806900,807145,0.448,0.9183,12907.06729086,9540.65113263,254031.27497299
"118",2017-11-08 01:58:21,806896,806896,806999,0.248,0.6,12909.48529062,9533.17453188,254031.06297394
"119",2017-11-08 01:58:22,806896,806896,806923,0.248,0.01,12914.43374317,9532.72893188,254032.36916226
"120",2017-11-08 01:58:23,806896,806896,806923,0.248,0.01,12913.19884317,9530.55603766,254032.37066179
"121",2017-11-08 01:58:24,806998,806896,806998,0.248,0.33440032,12918.11484268,9526.24183728,254027.43250302
"122",2017-11-08 01:58:25,806900,806900,806993,0.098,0.005,12927.31259826,9525.16783621,254014.203897
"123",2017-11-08 01:58:26,806833,806833,806993,0.0878,0.005,12916.47849777,9525.41033621,254013.992897
"124",2017-11-08 01:58:27,806833,806832,806922,0.05,1.75779446,12929.668499,9531.26813217,254008.962897
"125",2017-11-08 01:58:28,806832,806832,806921,0.047,0.5122,12929.814399,9533.76463317,254007.33477743
"126",2017-11-08 01:58:29,806922,806832,806922,0.047,1.21999446,12925.32519876,9542.87913292,254008.07247743
"127",2017-11-08 01:58:30,806920,806849,806916,0.0658,0.005,12928.890499,9555.69633417,254009.07247743
"128",2017-11-08 01:58:31,806922,806631,806699,0.272,0.004,12915.50119663,9554.10033392,254012.29501608
"129",2017-11-08 01:58:32,806699,806610,806699,0.0628,0.002,12933.06769712,9535.52914169,254019.46675034
"130",2017-11-08 01:58:33,806699,806610,806699,0.0628,0.002,12925.81209712,9538.06294119,254018.21843402
"131",2017-11-08 01:58:34,806927,806690,806927,0.01,0.0278,12921.62099787,9543.23974194,254018.73843202
"132",2017-11-08 01:58:35,806512,806512,806631,0.5912,4.99,12884.84139688,9535.2401364,254019.35010614
"133",2017-11-08 01:58:36,806698,806602,806998,0.5912,0.4647,12886.06309639,9518.51983721,254025.73250196
"134",2017-11-08 01:58:37,806601,806510,807000,0.68,2,12885.75419787,9521.05513969,254028.6007037
"135",2017-11-08 01:58:38,806997,806580,806997,0.9,0.008,12894.24539787,9526.09213944,254023.67293812
"136",2017-11-08 01:58:39,806580,806580,806995,0.5,1.04,12885.93729787,9521.77163968,254020.05293812
"137",2017-11-08 01:58:40,806512,806609,806994,0.49,0.44,12889.20829861,9540.90024043,254020.74793812
"138",2017-11-08 01:58:41,806512,806609,806994,0.49,0.44,12901.77559812,9543.63524043,254020.74793812
"139",2017-11-08 01:58:42,806609,806510,806609,0.68,0.08282,12836.79259762,9566.2079592,254017.44793812
"140",2017-11-08 01:58:43,806609,806510,806609,0.98,0.08282,12933.42729786,9517.0673592,254015.36794611
"141",2017-11-08 01:58:44,806609,806510,806609,0.98,0.07982,12891.33529713,9502.6760582,254014.62084645
"142",2017-11-08 01:58:45,806510,806510,806608,0.97,1.0304,12891.35229713,9482.3814582,254009.89783041
"143",2017-11-08 01:58:46,806000,806000,806500,9.74937558,1.012,12841.13989713,9476.9470582,254056.14553007
"144",2017-11-08 01:58:47,806101,806101,806500,6.95,0.479,12761.97662451,9453.8111582,254057.13230377
"145",2017-11-08 01:58:48,806499,806549,806609,0.40199968,0.07982,12795.77330157,9441.4381572,254057.77230377
"146",2017-11-08 01:58:49,806400,806001,806400,0.2,0.21800032,12797.16650189,9434.89715752,254058.15190345
"147",2017-11-08 01:58:50,806399,806001,806400,2.40000148,0.21800032,12867.09150386,9436.53015834,254058.15990345
"148",2017-11-08 01:58:51,806399,806080,806101,0.0692,0.7708,12874.17170386,9438.20895877,254058.52365261
"149",2017-11-08 01:58:52,806999,806225,806398,0.01,0.6962,12877.8278046,9437.64915877,254064.28365261
"150",2017-11-08 01:58:53,806101,806101,806400,4.987,0.184,12882.3088046,9433.94915902,254065.34765359
"151",2017-11-08 01:58:54,806101,806102,806134,0.6,0.416,12875.43380411,9439.41515877,254063.08765359
"152",2017-11-08 01:58:55,806101,806101,806134,4.2789,0.416,12873.49740411,9411.77103844,254062.46765359
"153",2017-11-08 01:58:56,806101,806102,806400,0.6,0.184,12884.26030337,9411.10223869,254060.32765559
"154",2017-11-08 01:58:57,806400,806102,806397,0.172,0.638,12891.24630336,9442.28034148,254061.14455559
"155",2017-11-08 01:58:58,806397,806150,806397,16,0.55088413,12926.14910336,9446.2753271,254053.05167146
"156",2017-11-08 01:58:59,806151,806151,806396,0.35,0.3621,12927.88510336,9436.22812287,254052.22652554
"157",2017-11-08 01:59:00,806905,806397,806905,8.69341587,0.0691,12936.92851923,9432.18113774,254052.00548581
"158",2017-11-08 01:59:01,806397,806398,806626,2.0132,0.01,12943.86171947,9438.76593799,254050.7987612
"159",2017-11-08 01:59:02,806397,806397,806789,4.98142141,0.45,12928.54652477,9436.03793799,254056.57195566
"160",2017-11-08 01:59:03,806397,806401,806500,7,0.4,12944.84252477,9438.00163774,254056.14188566
"161",2017-11-08 01:59:04,806397,806400,806500,0.02,0.4,12936.10562379,9438.34153774,254056.13720387
"162",2017-11-08 01:59:05,806397,806400,806500,0.02,0.4,12939.18602453,9436.74593874,254055.78720387
"163",2017-11-08 01:59:06,806398,806398,806499,0.28,1.0772,12959.98372552,9438.84663927,254054.38520409
"164",2017-11-08 01:59:07,806786,806398,806729,0.22,0.0108,12957.42272443,9438.59963831,254052.58030409
"165",2017-11-08 01:59:08,806786,806400,806729,1,0.0108,12946.37492492,9429.59963955,254052.16030409
"166",2017-11-08 01:59:09,806400,806400,806785,0.99,1.278,12918.4022232,9437.18883855,254054.66190409
"167",2017-11-08 01:59:10,806785,806400,806785,1.27,0.1063,12923.6744232,9430.19273934,254058.17070409
"168",2017-11-08 01:59:11,806598,806398,806598,0.28,0.378,12932.5010232,9429.39443859,254058.80430409
"169",2017-11-08 01:59:12,806598,806401,806500,0.678,1,12928.41302296,9438.90323935,254059.49695568
"170",2017-11-08 01:59:13,806500,806397,806500,4.98142141,0.9979,12925.64602345,9439.10113935,254055.88905568
"171",2017-11-08 01:59:16,806549,806549,806600,0.5204,0.002,12986.97002507,9435.42823903,254060.99980409
"172",2017-11-08 01:59:17,806549,806582,806600,0.189,0.002,13013.24502556,9429.83763828,254060.99980409
"173",2017-11-08 01:59:18,807000,807000,807067,0.7717985,0.0907,13009.24482332,9432.01443928,254064.19800559
"174",2017-11-08 01:59:19,807000,807000,807067,0.6214985,0.0907,13017.03662406,9435.03044176,254062.34830559
"175",2017-11-08 01:59:20,807000,806582,807000,0.189,0.1536015,13004.63502408,9433.98504108,254061.16780409
"176",2017-11-08 01:59:21,807000,806584,807000,0.12,0.1536015,13015.27822408,9447.17619208,254060.87062234
"177",2017-11-08 01:59:22,806584,806584,807066,0.6,0.1625,13021.60322408,9446.91509083,254057.23542208
"178",2017-11-08 01:59:23,806584,806817,807067,0.01,0.0907,13023.04902418,9444.22058928,254057.23542208
"179",2017-11-08 01:59:24,806584,806817,807067,0.01,0.0907,13024.92902418,9440.78058903,254057.23542208
"180",2017-11-08 01:59:25,806817,806817,807064,0.00280005,0.089,13030.26792525,9439.21958903,254056.14262203
"181",2017-11-08 01:59:27,807000,807000,807112,19.6949,0.28,13050.19602551,9437.45518803,254057.34372203
"182",2017-11-08 01:59:28,807000,807001,807112,0.12,0.28,13038.948026,9438.14407752,254057.34172265
"183",2017-11-08 01:59:29,807115,807100,807115,2,0.16515,13046.18562625,9438.67007777,254060.46412265
"184",2017-11-08 01:59:30,807147,807150,807216,3.77585,0.28,13067.86957625,9439.72692912,254057.02497265
"185",2017-11-08 01:59:31,807150,807150,807220,3.17945,7.7,13065.69287625,9434.64692812,254057.32137265
"186",2017-11-08 01:59:32,807000,807150,807290,4,5.44248336,13041.66469664,9420.43652099,254078.53177903
"187",2017-11-08 01:59:33,807219,807152,807219,0.21888974,0.0241,13051.35624841,9415.07062238,254078.72997903
"188",2017-11-08 01:59:34,807219,807152,807289,0.21888974,0.85,13059.64824891,9416.89369395,254078.17997903
"189",2017-11-08 01:59:37,807181,807181,807288,0.987,0.4726,13053.41524424,9428.69599756,254083.40667952
"190",2017-11-08 01:59:38,807181,807181,807288,0.187,0.38,13049.88182116,9428.60339756,254082.20667952
"191",2017-11-08 01:59:39,807181,807181,807287,0.187,0.6,13059.81652066,9429.0422873,254076.20267952
"192",2017-11-08 01:59:40,807000,807005,807199,0.8,0.28,13050.61251993,9427.39968606,254070.09279512
"193",2017-11-08 01:59:41,807000,807186,807199,0.005,0.4,13040.66751993,9434.46568606,254079.98279512
"194",2017-11-08 01:59:42,807000,807001,807199,0.2,1.0716,13028.9275187,9444.00888456,254073.23749065
"195",2017-11-08 01:59:43,807000,807001,807197,1.40000099,0.25,13038.40352043,9454.58568655,254067.33548992
"196",2017-11-08 01:59:44,807000,807000,807197,0.24224073,0.55,13034.26682043,9443.52068455,254066.80468895
"197",2017-11-08 01:59:45,807000,807002,807197,0.4633,0.9516,13035.61012067,9455.5268868,254059.87256526
"198",2017-11-08 01:59:46,807196,807007,807289,0.005,0.6,13042.81892067,9435.8855868,254036.12706453
"199",2017-11-08 01:59:47,807196,807007,807288,0.005,0.28,13044.01892141,9435.61658556,254029.92766013
"200",2017-11-08 01:59:48,807288,807196,807289,3,0.6,13027.53881968,9422.93958556,254023.73115996
"201",2017-11-08 01:59:49,806970,806910,806970,0.1,4.94105927,13046.09158067,9409.75164483,254030.32110069
"202",2017-11-08 01:59:50,806970,806583,806970,8.12280251,4.42425927,13052.96348117,9405.67285509,254029.80600069
"203",2017-11-08 01:59:51,806970,806915,806969,0.005,0.6,13053.70748043,9404.31891665,254033.67860069
"204",2017-11-08 01:59:55,806917,806911,806917,0.6,49.3113,13051.84954466,9562.71884878,254039.65295338
"205",2017-11-08 01:59:56,806917,806911,806916,0.6,0.3,13053.65854539,9564.00995954,254029.65295338
"206",2017-11-08 01:59:57,806917,806912,806916,0.4843,0.49888974,13040.7848449,9562.67324963,254033.52125433
"207",2017-11-08 01:59:58,806916,806913,806917,0.6,45.0358,13057.71164441,9556.23545914,254033.76125433
"208",2017-11-08 01:59:59,806917,806913,806917,0.6,45.0258,13055.44054514,9535.13895914,254033.02735433
"209",2017-11-08 02:00:00,806917,806912,806917,0.6,44.6258,13057.31054465,9525.73896013,254029.80554929
"210",2017-11-08 02:00:01,806917,806910,806917,0.1407,42.0258,13057.31054514,9532.73896038,254027.98554929
"211",2017-11-08 02:00:02,806917,806910,806917,0.1407,42.0258,13049.43832389,9529.83975964,254023.94554929
"212",2017-11-08 02:00:03,806910,806910,806915,0.1367,0.28,13049.59137519,9555.29075953,254023.04074121
"213",2017-11-08 02:00:04,806915,806910,806916,0.1367,10,13045.04667371,9553.28735729,254021.67703926
"214",2017-11-08 02:00:05,806910,806910,806915,0.0947,0.22,13039.91882334,9556.85575779,254019.90469159
"215",2017-11-08 02:00:06,806916,806910,806916,0.0947,18.22,13051.15662407,9564.75575804,254021.90469159
"216",2017-11-08 02:00:07,806583,806621,806916,0.6,18.22,13063.21592456,9562.98010117,254026.51469159
"217",2017-11-08 02:00:08,806917,806791,806915,0.01,1.9333,13064.0709253,9514.93730715,254067.67457599
"218",2017-11-08 02:00:09,806917,807000,807001,39.11834103,0.3,13100.99836633,9497.93430042,254080.68623496
"219",2017-11-08 02:00:10,807000,807000,807007,33.81004103,0.00179926,13135.96259676,9498.2402183,254088.49453496
"220",2017-11-08 02:00:14,807489,807289,807488,0.7141,2.400001,13109.6109482,9498.73589395,254079.33543446
"221",2017-11-08 02:00:15,807699,807437,807699,0.49,8.7890957,13109.11494697,9494.2358947,254084.53543446
"222",2017-11-08 02:00:16,807699,807437,807699,0.19,5.95699495,13070.75400545,9491.43379395,254087.86594272
"223",2017-11-08 02:00:17,807699,807438,807699,0.6,3.73909495,13069.19090446,9493.9158952,254088.82334272
"224",2017-11-08 02:00:18,807699,807438,807689,2.8907,3,13081.88260543,9494.13589445,254080.54334272
"225",2017-11-08 02:00:19,807699,807439,807488,1.4583,4.80000075,13022.47950573,9519.176801,254080.04184345
"226",2017-11-08 02:00:20,807700,807689,807700,0.1,15.1,13024.62720523,9520.94680199,254083.04184345
"227",2017-11-08 02:00:21,807700,807440,807700,0.7292,3.02885,13025.82640672,9508.17665149,254085.81699345
"228",2017-11-08 02:00:22,807700,807441,807700,6.4117,2.89885,13023.33810549,9508.84665249,254064.7322724
"229",2017-11-08 02:00:27,807641,807641,807988,0.058,11.47115,13029.72150119,9536.69248402,254061.48286112
"230",2017-11-08 02:00:28,807641,807641,807979,0.024,0.9241,13025.10269784,9535.21658327,254043.26474072
"231",2017-11-08 02:00:29,807641,807641,807978,0.024,3.02,13034.77269833,9545.49048501,254033.26474072
"232",2017-11-08 02:00:30,807978,807800,807978,0.99,2.57,13035.27939833,9546.25988526,254033.77474072
"233",2017-11-08 02:00:31,807800,807800,807978,0.97,2.57,13031.98019759,9532.55148152,254029.77814072
"234",2017-11-08 02:00:32,807801,807801,807977,0.58,0.9867,13032.63019734,9538.33818128,254027.82814072
"235",2017-11-08 02:00:33,807801,807801,807977,1.15,0.9867,13032.23105153,9543.13818178,254028.05176238
"236",2017-11-08 02:00:34,807801,807801,807942,1.09,0.07,13033.14735153,9546.20818178,254018.10856233
"237",2017-11-08 02:00:35,807801,807801,807942,1.06,0.07,13021.16365104,9560.8022803,254004.32794888
"238",2017-11-08 02:00:36,807871,807871,807942,0.216,0.07,13021.09265128,9577.20727986,253998.33994888
"239",2017-11-08 02:00:37,807871,807872,807960,0.136,1,13016.87315133,9588.4946803,253995.7386461
"240",2017-11-08 02:00:38,807560,807560,807800,0.039,0.40999908,13015.1331509,9588.43197819,253994.8484728
"241",2017-11-08 02:00:39,807872,807872,807890,0.01520106,0.01,13015.74935226,9600.55407986,253995.23327174
"242",2017-11-08 02:00:40,807560,807560,807871,0.02420106,0.1974,13026.09018878,9590.11447762,253992.20327174
"243",2017-11-08 02:00:43,807889,807471,807889,0.95440106,0.25499956,13009.34203692,9565.85057236,253988.65327174
"244",2017-11-08 02:00:44,807889,807470,807885,0.1,0.01193119,13008.38863662,9572.14203351,253988.65327174
"245",2017-11-08 02:00:45,807470,807470,807885,0.085,0.01193119,13014.27093662,9575.40499704,253988.16727174
"246",2017-11-08 02:00:46,807470,807370,807885,0.1,0.01193119,12977.61993662,9575.07419748,253987.12697174
"247",2017-11-08 02:00:47,807371,807371,807840,6.99,4,12983.42743613,9575.06262664,253987.14697174
"248",2017-11-08 02:00:48,807371,807371,807840,6.99,8,12978.3208349,9566.82282707,253977.26697174
"249",2017-11-08 02:00:49,807371,807371,807839,6.99,1.8912,12978.3208349,9571.21402782,253975.27697174
"250",2017-11-08 02:00:50,807371,807424,807838,0.0679,1.8912,12997.4023349,9575.06842813,253974.26897174
"251",2017-11-08 02:00:51,807371,807371,807838,6.99,1.8912,13001.4924349,9577.58842862,253973.67897174
"252",2017-11-08 02:00:52,807371,807372,807838,0.9802,0.8312,12996.68363465,9562.65727812,253976.27897174
"253",2017-11-08 02:00:53,807371,807426,807837,0.0679,1.8308,12997.72833315,9564.62108385,253975.27897174
"254",2017-11-08 02:00:54,807371,807373,807832,0.35,0.01193199,13000.66143513,9570.97301734,253970.27897174
"255",2017-11-08 02:00:55,807373,807372,807832,3.00000123,0.01193199,13000.59243513,9571.42555146,253970.07797174
"256",2017-11-08 02:00:56,807373,807426,807800,0.0235,0.019,13000.95243979,9630.66315245,253964.41597174
"257",2017-11-08 02:01:00,807604,807373,807601,0.24,0.9379,12977.80445523,9594.26330034,253941.68623461
"258",2017-11-08 02:01:01,807601,807372,807601,1.20000074,0.9329,12982.96445596,9593.92429959,253941.69123461
"259",2017-11-08 02:01:02,807417,807417,807799,0.0479,0.79999924,12984.61935596,9598.49020076,253941.59323461
"260",2017-11-08 02:01:03,807417,807374,807790,1.317,1,12991.43045521,9589.73933642,253940.02293461
"261",2017-11-08 02:01:04,807790,807383,807496,0.08,0.05,13014.17705521,9589.52287161,253939.52033461
"262",2017-11-08 02:01:05,807790,807383,807496,0.08,0.05,13013.53605595,9591.28807186,253943.55220267
"263",2017-11-08 02:01:06,807789,807464,807789,0.01,0.00193269,13014.61195645,9594.30000545,253939.34720169
"264",2017-11-08 02:01:07,807790,807496,807790,0.05,0.51386528,13003.53605522,9595.9010065,253939.24511461
"265",2017-11-08 02:01:08,807790,807496,807702,0.05,0.014,13013.37505571,9603.3150065,253937.31981461
"266",2017-11-08 02:01:09,807790,807497,807702,7,0.014,13014.9172567,9614.07290725,253932.55692442
"267",2017-11-08 02:01:10,807702,807497,807702,7,0.009,13012.4972567,9616.87000625,253932.41192442
"268",2017-11-08 02:01:11,807702,807498,807702,0.60000024,0.009,13012.17725595,9619.478907,253931.63140323
"269",2017-11-08 02:01:12,807498,807498,807789,0.59000024,1.0839,13003.92505595,9621.69290575,253929.33140323
"270",2017-11-08 02:01:13,807800,807499,807790,0.21819924,0.4,13000.58095495,9619.09290575,253931.85442442
"271",2017-11-08 02:01:14,807499,807499,807788,7.80819924,0.389,13012.4809539,9609.64510613,253924.34140323
"272",2017-11-08 02:01:15,807499,807499,807788,7.20819924,0.389,13014.28095414,9611.14510762,253920.75917323
"273",2017-11-08 02:01:16,807800,807501,807800,7,0.83496452,13005.10625391,9611.27340762,253921.03847178
"274",2017-11-08 02:01:17,807800,807502,807800,7.20000073,0.83496452,13013.57055415,9613.19070762,253920.93007231
"275",2017-11-08 02:01:18,807602,807502,807530,9.22160073,0.00020084,13018.90945514,9612.89870746,253919.61964923
"276",2017-11-08 02:01:19,807789,807503,807789,1.435,0.31020084,13007.7066559,9613.60090821,253914.91964923
"277",2017-11-08 02:01:20,807789,807625,807789,0.0102,0.31020084,13011.50505514,9606.48090647,253910.76966838
"278",2017-11-08 02:01:21,807503,807503,807789,0.75839924,0.31020084,13003.43905514,9610.08590871,253910.71966838
"279",2017-11-08 02:01:22,807789,807504,807784,8.4673,0.005,13018.20835514,9608.98010905,253910.67146834
"280",2017-11-08 02:01:23,807789,807504,807784,7,0.005,13016.3390547,9609.79011029,253905.63346834
"281",2017-11-08 02:01:24,807505,807506,807779,7,0.01193279,13017.73215513,9621.40790896,253905.54246834
"282",2017-11-08 02:01:25,807505,807506,807779,7,0.01193279,13016.6847549,9609.50790821,253905.54246834
"283",2017-11-08 02:01:26,807505,807507,807779,1.55399924,0.01193279,13017.64665513,9624.30290921,253905.54246834
"284",2017-11-08 02:01:27,807505,807507,807700,1.55399924,0.1,13020.71665513,9625.00290822,253903.44246834
"285",2017-11-08 02:01:28,807700,807508,807700,0.6,0.05,13015.07427418,9619.85290548,253901.89246834
"286",2017-11-08 02:01:29,807700,807507,807700,0.12859924,0.05,13021.19387442,9629.25290722,253898.29228683
"287",2017-11-08 02:01:30,807779,807508,807779,7,0.21513279,13027.42037442,9628.90610722,253897.59428683
"288",2017-11-08 02:01:31,807508,807509,807779,0.6,0.21513279,13028.97027518,9619.38703971,253896.59528683
"289",2017-11-08 02:01:32,807508,807510,807779,7.6,0.33513279,13019.68677469,9629.10703996,253894.4236644
"290",2017-11-08 02:01:33,807508,807510,807779,9.0967,0.33513279,13023.67137518,9631.65604046,253892.4236644
"291",2017-11-08 02:01:34,807508,807511,807779,0.6,0.33513279,13023.68937518,9635.5339739,253890.35186534
"292",2017-11-08 02:01:35,807508,807511,807778,0.6,0.0836,13018.64537494,9652.80457415,253888.34186534
"293",2017-11-08 02:01:36,807789,807511,807789,2.1072,4.25546636,13024.06587518,9647.55097315,253888.14186534
"294",2017-11-08 02:01:37,807611,807512,807774,8.7077,0.005,13020.16637469,9650.53797265,253888.56996534
"295",2017-11-08 02:01:38,807611,807513,807774,0.6,0.005,13034.55537666,9648.26997216,253883.87406534
"296",2017-11-08 02:01:39,807611,807513,807774,0.6,0.005,13033.29867666,9630.15087166,253883.67406534
"297",2017-11-08 02:01:40,807611,807514,807774,1.5031,0.005,13027.90177666,9621.9479734,253883.67106534
"298",2017-11-08 02:01:41,807611,807514,807789,1.5031,4.25546636,13057.90177666,9618.71597315,253883.37106534
"299",2017-11-08 02:01:42,807000,807000,807788,0.72653492,0.0827,13050.59867592,9610.4986729,253882.91996294
"300",2017-11-08 02:01:43,807246,807251,807510,1.4137,0.4,13054.0367048,9621.62544393,253880.99466294
"301",2017-11-08 02:01:44,807515,807515,807650,6.11906451,0.02,13059.11006789,9619.6818801,253881.7109693
"302",2017-11-08 02:01:45,807515,807515,807560,6.10712892,0.01193599,13062.84643414,9620.32962196,253880.51290489
"303",2017-11-08 02:01:46,807515,807515,807560,2.10712892,0.01193599,13053.04143241,9615.48799314,253884.50290489
"304",2017-11-08 02:01:47,807515,807027,807515,7,1,13060.91430448,9621.26179388,253882.67090489
"305",2017-11-08 02:01:48,807514,807415,807514,0.002,0.56419949,13057.08630275,9614.61409312,253882.7186054
"306",2017-11-08 02:01:49,807515,807029,807513,0.16639924,0.6,13045.33770273,9613.20882847,253882.7325056
"307",2017-11-08 02:01:50,807515,807342,807513,0.0021,0.6,13054.13350322,9613.97892922,253882.7325056
"308",2017-11-08 02:01:51,807515,807342,807560,0.0021,0.01193599,13057.74750322,9608.57892823,253882.4325056
"309",2017-11-08 02:01:52,807515,807301,807508,1.5633,0.005,13062.93270322,9613.38392922,253882.4225056
"310",2017-11-08 02:01:53,807515,807429,807508,0.01,0.005,13045.56970199,9614.68392947,253882.3225056
"311",2017-11-08 02:01:54,807515,807429,807508,0.01,0.005,13048.83020372,9626.09292947,253882.2425056
"312",2017-11-08 02:01:55,807515,807429,807508,0.01,0.005,13047.10690372,9617.62796495,253878.22532719
"313",2017-11-08 02:01:56,807515,807429,807560,0.01,0.01193599,13054.82070372,9618.22296595,253876.22532719
"314",2017-11-08 02:01:57,807343,807343,807555,0.59,0.005,13062.25970372,9613.46996406,253876.24532719
"315",2017-11-08 02:01:58,807343,807386,807555,0.0011,0.005,13061.80080372,9623.26996505,253874.24352803
"316",2017-11-08 02:02:02,807345,807346,807386,0.44,1,13070.62100486,9622.40858059,253861.05452903
"317",2017-11-08 02:02:03,807345,807354,807386,0.0021,1.01698071,13070.39270486,9618.4255613,253860.91462903
"318",2017-11-08 02:02:04,807346,807346,807386,1.9495,1.01698071,13071.90010486,9618.22876055,253860.92462903
"319",2017-11-08 02:02:05,807386,807386,807443,0.00171835,0.05,13070.41332321,9610.34247984,253861.94160974
"320",2017-11-08 02:02:06,807346,807347,807443,0.44,0.05,13059.57450338,9617.72217934,253861.95441049
"321",2017-11-08 02:02:07,807346,807319,807443,0.01,0.05,13069.19640387,9616.91347959,253861.95441049
"322",2017-11-08 02:02:08,807348,807405,807432,0.01,0.0254,13069.78390387,9609.73887959,253861.97441049
"323",2017-11-08 02:02:09,807405,807319,807443,0.01,0.05,13071.64670363,9608.51347934,253861.67160974
"324",2017-11-08 02:02:10,807405,807319,807443,0.01,0.05,13103.45880363,9609.11348009,253861.26360974
"325",2017-11-08 02:02:11,807356,807319,807418,0.01,0.0661,13097.95120314,9607.47958034,253861.26960974
"326",2017-11-08 02:02:12,807356,807319,807418,0.01,0.0661,13087.26050413,9616.48058181,253860.38460974
"327",2017-11-08 02:02:13,807443,807336,807443,0.01193429,0.045,13091.66113842,9612.61318108,253860.38960974
"328",2017-11-08 02:02:14,807443,807336,807421,0.01193429,0.0318,13091.72013867,9612.64498132,253860.08960974
"329",2017-11-08 02:02:15,807364,807386,807421,0.00193479,0.0318,13089.05760578,9607.37598058,253860.04960974
"330",2017-11-08 02:02:16,807106,807301,807443,7,0.045,13104.0846413,9607.52688108,253861.03960974
"331",2017-11-08 02:02:17,807106,807301,807443,7,0.045,13104.7853413,9606.65688033,253861.03960974
"332",2017-11-08 02:02:18,807301,807301,807443,3,0.045,13099.4076413,9605.05688008,253865.03960974
"333",2017-11-08 02:02:19,807301,807107,807443,2.40000024,0.045,13103.7076413,9613.83661572,253865.18080862
"334",2017-11-08 02:02:20,807301,807099,807384,0.08,0.0648,13103.79117371,9605.42481497,253865.18080862
"335",2017-11-08 02:02:21,807301,807108,807416,1.1,0.005,13109.56817395,9615.04841572,253858.18080862
"336",2017-11-08 02:02:22,807301,807108,807443,7,0.045,13087.95017346,9605.48221497,253853.68080862
"337",2017-11-08 02:02:23,807301,807186,807379,0.01193409,0.005,13080.16610755,9612.02721447,253851.58080862
"338",2017-11-08 02:02:24,807379,807186,807301,0.01193409,1,13099.9645073,9603.19201422,253850.58280862
"339",2017-11-08 02:02:29,807278,807186,807289,0.01193409,0.01,13105.42080853,9609.06421422,253809.925755
"340",2017-11-08 02:02:30,807278,807186,807289,0.01193409,0.01,13103.02080779,9608.16521439,253809.825755
"341",2017-11-08 02:02:31,807299,807186,807260,0.01193409,0.0648,13102.62080779,9623.04901539,253809.985755
"342",2017-11-08 02:02:32,807157,807157,807260,0.01193409,0.0648,13102.83280779,9624.93961389,253809.94349726
"343",2017-11-08 02:02:33,807113,807112,807294,0.48,0.005,13101.5155737,9622.07321389,253810.41843239
"344",2017-11-08 02:02:34,807112,807158,807294,1.3677,0.005,13101.865281,9636.35421436,253810.42043239
"345",2017-11-08 02:02:35,807159,807159,807254,0.74,1.0648,13103.40741979,9620.96701436,253812.43043239
"346",2017-11-08 02:02:36,807158,807158,807254,6.92,1,13110.86742053,9609.45421411,253812.10768991
"347",2017-11-08 02:02:37,807158,807160,807254,1.1828,1,13104.52232053,9608.97291436,253809.90768991
"348",2017-11-08 02:02:38,807254,807161,807236,0.45,0.0648,13093.60452014,9613.79271536,253808.75353239
"349",2017-11-08 02:02:39,807254,807162,807249,1.7787,0.005,13104.98622063,9608.93201436,253808.11479653
"350",2017-11-08 02:02:40,807254,807163,807249,0.45,0.005,13103.62661915,9622.29151561,253808.02979653
"351",2017-11-08 02:02:41,807163,807163,807253,0.928,0.15,13106.67852039,9618.46321585,253806.03179653
"352",2017-11-08 02:02:42,807254,807164,807254,1.1822,0.14320044,13107.41272039,9620.05841679,253807.30224238
"353",2017-11-08 02:02:43,807254,807164,807249,1.1822,0.005,13105.85272039,9620.06341679,253807.30224238
"354",2017-11-08 02:02:44,807254,807165,807254,0.48,0.00400044,13106.12952039,9610.31221604,253799.95644238
"355",2017-11-08 02:02:45,807161,807161,807576,5.4406,0.152,13101.41111965,9608.73851658,253802.46044282
"356",2017-11-08 02:02:46,807161,807166,807575,0.3141,1.1444,13101.71521965,9614.68161783,253802.14254282
"357",2017-11-08 02:02:47,807167,807254,807343,0.2,0.01,13093.94241941,9612.40751634,253801.10224282
"358",2017-11-08 02:02:48,807704,807254,807704,0.19,1.90570273,13093.97241941,9607.47921634,253805.94054282
"359",2017-11-08 02:02:49,807254,807301,807354,0.4347,0.002,13095.77511941,9619.52221784,253792.04054282
"360",2017-11-08 02:02:50,807255,807255,807354,0.4209,0.002,13098.27325705,9618.33701509,253792.04554282
"361",2017-11-08 02:02:51,807352,807255,807354,0.4209,0.002,13109.99325927,9630.39701659,253791.69554282
"362",2017-11-08 02:02:52,807790,807704,807790,0.79999975,9.42200075,13095.3073573,9626.31701659,253794.77554307
"363",2017-11-08 02:02:53,807790,807704,807773,0.69999975,0.0686,13105.54641881,9614.84461487,253797.37554307
"364",2017-11-08 02:02:54,807704,807704,807773,0.25999975,0.0686,13092.86200314,9605.259615,253797.80176318
"365",2017-11-08 02:02:55,807705,807705,807789,0.115,0.89,13099.08840314,9612.13761648,253791.40926318
"366",2017-11-08 02:02:56,807704,807705,807789,0.135,0.22,13099.23028385,9615.04691847,253790.54926318
"367",2017-11-08 02:02:57,807704,807704,807788,0.31,1,13090.2302831,9616.73741673,253770.80656846
"368",2017-11-08 02:02:58,807704,807704,807788,0.31,0.28,13101.60238484,9614.90691673,253765.03814449
"369",2017-11-08 02:02:59,807788,807704,807788,0.31,1.095,13113.08238558,9616.01491574,253764.43814449
"370",2017-11-08 02:03:00,807788,807583,807729,0.205,1,13107.77918385,9613.40191549,253763.12814449
"371",2017-11-08 02:03:01,807790,807583,807787,0.205,1.3217,13102.69178484,9611.46581428,253768.98514671
"372",2017-11-08 02:03:02,807583,807263,807660,0.22,0.01,13095.8613841,9610.46411353,253769.19014671
"373",2017-11-08 02:03:03,807257,807257,807660,0.125,0.01,13094.86638361,9602.06311216,253758.82303145
"374",2017-11-08 02:03:04,807538,807538,807583,0.00193259,0.205,13100.17008207,9605.78121229,253746.45823145
"375",2017-11-08 02:03:05,807583,807538,807785,0.00193259,0.465,13108.92738182,9607.17521278,253746.21223145
"376",2017-11-08 02:03:06,807538,807538,807583,0.00043352,1,13085.53218248,9612.66051278,253733.44030346
"377",2017-11-08 02:03:07,807265,807388,807583,2.5,1,13077.19180177,9611.10321278,253736.44030346
"378",2017-11-08 02:03:08,807388,807388,807583,2.48,1,13076.87783672,9611.80141378,253730.44652267
"379",2017-11-08 02:03:09,807388,807499,807583,0.05,1,13076.83003647,9618.90141378,253730.38062267
"380",2017-11-08 02:03:10,807388,807499,807583,0.05,1,13071.33603647,9616.50251378,253730.38062267
"381",2017-11-08 02:03:11,807499,807499,807583,0.04,1,13071.64643746,9623.26021378,253729.77062194
"382",2017-11-08 02:03:12,807388,807388,807582,2.08,0.6,13071.22743746,9624.10058077,253729.61062121
"383",2017-11-08 02:03:13,807388,807388,807578,0.1868,0.005,13056.19313696,9613.36847977,253730.50382121
"384",2017-11-08 02:03:14,807387,807161,807387,0.79500074,0.52,13068.2263377,9599.24027902,253729.60762121
"385",2017-11-08 02:03:15,807022,807022,807387,1.14993457,1.12,13055.05933721,9600.88047978,253728.49893307
"386",2017-11-08 02:03:16,807088,807088,807161,0.00193309,0.3107,13057.23433647,9603.80118028,253729.10573307
"387",2017-11-08 02:03:17,807021,807021,807160,3.18693309,0.52,13025.38633746,9602.91738028,253734.12573307
"388",2017-11-08 02:03:18,807160,806512,806835,0.39,0.03,13020.76633746,9610.52878028,253738.50933307
"389",2017-11-08 02:03:19,806643,806698,807021,0.01,1,13025.30915746,9617.18248002,253737.38933307
"390",2017-11-08 02:03:20,806511,806511,807021,8.36282246,1,13032.38667426,9622.55108177,253739.84013307
"391",2017-11-08 02:03:21,806514,806857,806996,0.01,6.87,13052.45657303,9629.04768177,253718.78210907
"392",2017-11-08 02:03:22,806645,806645,806995,0.24,0.23,13054.96935229,9628.68768177,253713.73710907
"393",2017-11-08 02:03:23,806510,806510,806995,17.73590049,0.8127,13058.36935426,9604.20738003,253712.08010907
"394",2017-11-08 02:03:24,806511,806511,806966,0.27,3,13058.38535426,9614.43098078,253711.5716094
"395",2017-11-08 02:03:25,806511,806512,806965,0.6,0.7533,13058.95545426,9621.35828077,253712.4516094
"396",2017-11-08 02:03:26,806512,806512,806965,0.59,1.0033,13060.25665475,9627.14268101,253713.54305373
"397",2017-11-08 02:03:27,806512,806512,806964,0.59,7,13060.16705376,9647.60798919,253712.11462657
"398",2017-11-08 02:03:28,806512,806512,806964,0.67,7.7635,13050.64705327,9639.66718844,253712.52320939
"399",2017-11-08 02:03:29,806510,806510,806964,14.33290049,7.7635,13056.73705376,9641.57803609,253715.99796014
"400",2017-11-08 02:03:30,806510,806510,806962,14.33290049,0.4814,13056.73705376,9648.09948126,253715.98556086
"401",2017-11-08 02:03:31,806510,806511,806900,1.1036,1,13053.82065376,9629.75178201,253721.03056086
"402",2017-11-08 02:03:32,806510,806513,806872,0.7964,0.459,13054.14345376,9620.45038126,253720.73286086
"403",2017-11-08 02:03:33,806510,806717,806863,0.01,0.205,13041.01345327,9624.19648226,253724.73286086
"404",2017-11-08 02:03:34,806513,806510,806511,7.88930049,12.62650123,13040.14345278,9642.56648349,253726.00286086
"405",2017-11-08 02:03:35,806511,806510,806511,7.88930049,12.02650049,13038.94045278,9623.49327976,253726.5149616
"406",2017-11-08 02:03:36,806510,806510,806511,7.40930049,11.82650049,13033.66145264,9626.14328126,253729.3129616
"407",2017-11-08 02:03:37,806510,806510,806511,7.15930049,10.6264995,13047.81645312,9623.90388027,253730.76096259
"408",2017-11-08 02:03:38,806662,806512,806662,7,0.001,13084.45845338,9613.24638077,253761.26196332
"409",2017-11-08 02:03:39,806511,806533,806871,0.459,0.599,13068.50845363,9614.91638257,253766.65056332
"410",2017-11-08 02:03:40,807387,807379,807387,0.359,3.15420225,13077.67845338,9604.73758157,253771.29256332
"411",2017-11-08 02:03:41,806511,806511,807386,29.27199927,0.599,13076.38345338,9601.18237957,253771.94166332
"412",2017-11-08 02:03:42,806662,806514,806662,7,0.089,13055.63445362,9602.5143792,253772.15266332
"413",2017-11-08 02:03:43,806662,806515,806662,0.703,0.068,13058.76945387,9600.5543792,253773.17266332
"414",2017-11-08 02:03:44,806516,806516,806611,6.8,0.002,13044.78715314,9608.5863817,253773.42266332
"415",2017-11-08 02:03:45,806516,806516,806662,7.1261,0.01080115,13037.11114592,9600.42700188,253773.23186217
"416",2017-11-08 02:03:46,806516,806516,806662,7.1391,0.01080115,13026.11214616,9602.72720213,253773.23186217
"417",2017-11-08 02:03:47,806541,806541,806662,1.8,0.01080115,13035.87414616,9604.09720213,253773.82186217
"418",2017-11-08 02:03:48,806542,806542,807219,1.28000074,0.5947,13057.03784763,9604.63090199,253775.17186217
"419",2017-11-08 02:03:49,807219,806718,806752,1.5,0.05,13038.92254739,9606.28620448,253775.20086217
"420",2017-11-08 02:03:50,806752,806542,806752,0.57340099,0.029,13036.60194813,9616.17480448,253771.22186217
"421",2017-11-08 02:03:51,806543,806606,806657,7.66930049,0.005,13051.46524862,9611.09980448,253771.32186217
"422",2017-11-08 02:03:52,806842,806842,807218,0.826,0.6,13064.95612933,9605.07890373,253768.78226217
"423",2017-11-08 02:03:55,807218,807201,807218,6.99280105,2.01720004,13056.36432992,9601.25250153,253767.25226108
"424",2017-11-08 02:03:56,807218,807202,807218,0.013,1.8,13057.79502992,9602.00590149,253757.25226108
"425",2017-11-08 02:03:57,807201,807201,807250,5.50580105,0.02,13055.63342893,9589.94645558,253758.75226108
"426",2017-11-08 02:03:58,807218,807218,807250,0.995,0.02,13052.60842869,9609.12957978,253754.66106004
"427",2017-11-08 02:03:59,807218,807218,807250,0.995,0.02,13058.59648288,9599.38100238,253749.66106004
"428",2017-11-08 02:04:00,807218,807218,807407,0.595,0.1608,13055.76053605,9604.8698018,253748.46106004
"429",2017-11-08 02:04:04,807789,807317,807788,0.458,0.96,13046.93968959,9601.18827766,253752.90450767
"430",2017-11-08 02:04:05,807454,807455,807663,0.6,0.0088,13049.86622952,9604.71448852,253750.74450767
"431",2017-11-08 02:04:06,807454,807455,807663,0.6,0.0088,13051.32082952,9604.86706532,253750.69450767
"432",2017-11-08 02:04:07,807456,807456,807718,6,0.0069768,13061.57192853,9596.03266532,253750.99364767
"433",2017-11-08 02:04:08,807789,807457,807787,0.59879562,0.6146,13068.63136413,9604.70458607,253746.50602767
"434",2017-11-08 02:04:09,807789,807462,807664,0.005,0.0088,13067.03876364,9597.68818802,253746.50602767
"435",2017-11-08 02:04:10,807788,807458,807624,1.1254,0.0088,13060.33946315,9596.99698905,253747.02792767
"436",2017-11-08 02:04:11,807458,807459,807538,0.38,0.01,13060.00016339,9606.8152908,253747.82792767
"437",2017-11-08 02:04:12,807800,807800,807803,8.49530294,0.102,13063.0954656,9601.13069251,253752.22912596
"438",2017-11-08 02:04:15,807860,807860,807873,0.1461521,0.01683496,13079.7799113,9599.80230741,253758.14741398
"439",2017-11-08 02:04:16,807860,807860,807873,0.1461521,0.01683496,13079.7799113,9599.80230741,253758.14741398
"440",2017-11-08 02:04:17,807860,807860,808000,0.0376542,7.07303546,13080.76097209,9583.11429292,253765.25791136
"441",2017-11-08 02:04:18,807860,807873,807878,2.9176542,0.05,13079.7879721,9585.29719292,253765.38791136
"442",2017-11-08 02:04:19,807873,807873,807978,2.8976542,1.15,13066.03676956,9588.42429367,253766.10611264
"443",2017-11-08 02:04:20,808000,807999,808000,8.92650073,6.54866847,13083.53990403,9579.43992518,253771.54946595
"444",2017-11-08 02:04:21,807999,807999,808000,6.83769998,4.04866847,13076.77344908,9581.73992741,253774.57314246
"445",2017-11-08 02:04:22,808000,807999,808000,6.79769998,3.65986439,13076.51844908,9591.01112581,253775.90194654
"446",2017-11-08 02:04:23,808000,807999,808000,2.80419971,3.27986439,13047.9109439,9590.57112383,253780.27544681
"447",2017-11-08 02:04:24,808080,807999,808080,2.80419971,8.5032876,13055.59884563,9586.80102466,253785.97444754
"448",2017-11-08 02:04:25,808080,808000,808080,0.38,8.4712876,13060.88532609,9584.5151248,253786.00644754
"449",2017-11-08 02:04:26,808000,807999,808078,2.82118042,0.38,13054.79037501,9593.79622149,253774.71844702
"450",2017-11-08 02:04:27,808080,807999,808080,2.81118042,5.8512876,13044.43997402,9595.54412149,253776.72664806
"451",2017-11-08 02:04:28,808080,807999,808078,2.81118042,0.213,13046.81997501,9601.07212347,253767.12679055
"452",2017-11-08 02:04:29,807999,808004,808078,0.005,0.213,13046.1369036,9588.76942149,253773.94711078
"453",2017-11-08 02:04:30,808080,807999,808064,2.11118042,0.0088,13046.40293908,9576.59632149,253767.84811572
"454",2017-11-08 02:04:31,807999,807999,808064,1.11118042,0.0088,13045.70293908,9574.26732174,253758.74811572
"455",2017-11-08 02:04:32,807999,808000,808079,0.00719925,0.5551,13045.71013833,9573.26752174,253757.74811572
"456",2017-11-08 02:04:33,808260,808002,808063,0.25,0.0088,13033.36893574,9565.62062376,253765.63341621
"457",2017-11-08 02:04:34,808078,808002,808259,0.25,1.80000224,13038.46893648,9566.13422525,253764.70841621
"458",2017-11-08 02:04:35,808258,808002,808078,0.25,1,13036.06493648,9567.16456278,253765.50363631
"459",2017-11-08 02:04:36,808258,808002,808078,0.25,1,13028.39563599,9567.16456278,253762.71319197
"460",2017-11-08 02:04:37,807800,807800,808077,0.74921429,0.0646,13026.17763599,9567.19882525,253763.84019197
"461",2017-11-08 02:04:38,808260,807801,808260,0.6,26.99748688,13034.39663525,9555.50232328,253777.01519393
"462",2017-11-08 02:04:39,807892,807892,808076,0.407,0.0383,13025.18700773,9558.32863827,253782.01919393
"463",2017-11-08 02:04:40,807892,807892,807990,0.27676383,0.20542698,13027.17689369,9561.18076527,253781.87662955
"464",2017-11-08 02:04:41,807892,807892,807990,0.14676383,0.20542698,13031.96146797,9560.07936527,253781.59462955
"465",2017-11-08 02:04:42,807990,807892,807990,0.14676383,0.20442698,13033.03751413,9560.21006527,253781.50762955
"466",2017-11-08 02:04:43,807053,807404,807990,0.60000074,0.19962794,13018.9902913,9558.00626562,253786.51242859
"467",2017-11-08 02:04:44,807802,807802,807892,6.58099364,0.1467,13035.57412589,9565.15678982,253787.43743495
"468",2017-11-08 02:04:45,807802,807802,807998,6.55699364,2.400001,13041.93290355,9566.81008834,253786.92343495
"469",2017-11-08 02:04:46,807802,807802,807968,5.63754784,0.1,13040.8734575,9565.11008759,253784.84288075
"470",2017-11-08 02:04:47,807802,807802,807968,5.04144784,0.1,13045.07735824,9561.31008834,253783.79918075
"471",2017-11-08 02:04:48,807802,807802,807968,4.04144784,0.099,13041.71501798,9561.90708727,253784.50018075
"472",2017-11-08 02:04:49,807802,807802,807968,3.84694784,0.099,13045.91773195,9560.20508561,253782.12488077
"473",2017-11-08 02:04:50,807968,807802,807968,3.84694784,0.09053737,13047.21773195,9562.49662521,253782.1333434
"474",2017-11-08 02:04:51,807802,807802,807994,3.63604784,0.55,13043.45083169,9562.95608784,253777.4792434
"475",2017-11-08 02:04:52,807802,807800,807802,0.6,4.37895133,13030.37678286,9575.21570505,253760.62739124
"476",2017-11-08 02:04:53,807802,807800,807802,0.6,0.0145,13040.9666423,9571.14779084,253760.6291911
"477",2017-11-08 02:04:54,807800,807800,807882,0.4859,0.05,13043.2516716,9565.98329232,253760.3158911
"478",2017-11-08 02:04:55,807800,807800,807882,0.4721,0.049,13045.5978716,9582.85229282,253760.17913544
"479",2017-11-08 02:04:56,807800,807800,807882,0.0021,0.049,13044.84567135,9571.8617547,253760.64913544
"480",2017-11-08 02:04:57,807800,807800,807882,0.0021,0.049,13044.55667145,9585.43229158,253760.5006911
"481",2017-11-08 02:04:58,807800,807800,807882,0.0021,0.049,13043.04667046,9584.3522896,253760.4986911
"482",2017-11-08 02:04:59,807800,807800,807857,0.00060083,0.19,13041.06117081,9604.15875248,253760.50019027
"483",2017-11-08 02:05:00,807857,807800,807857,0.00060083,0.189,13044.60697155,9606.24708985,253760.50119027
"484",2017-11-08 02:05:01,807857,807800,807857,0.00060083,0.189,12623.01897056,9598.52055173,253759.94096375
"485",2017-11-08 02:05:02,807857,807802,807857,0.00199928,0.148,12692.63537033,9593.84008835,253759.55856375
"486",2017-11-08 02:05:03,807802,807600,807722,8.3e-07,0.04860072,12693.83437129,9592.70969038,253759.04056303
"487",2017-11-08 02:05:04,807857,807600,807857,8.3e-07,0.147,12692.33337129,9594.34008966,253751.68656303
"488",2017-11-08 02:05:05,807857,807600,807882,8.3e-07,0.049,12692.49337179,9595.54508966,253751.97476387
"489",2017-11-08 02:05:06,807857,807600,807882,8.3e-07,0.049,12691.42537179,9595.76469405,253751.97476387
"490",2017-11-08 02:05:07,807987,807600,807988,8.3e-07,0.79053737,12695.10937253,9592.21569305,253751.72476387
"491",2017-11-08 02:05:08,807987,807600,807881,8.3e-07,0.0801,12699.37027204,9605.51615693,253728.73278928
"492",2017-11-08 02:05:09,807987,807600,807987,8.3e-07,0.6856,12702.05957204,9608.52165718,253716.92778686
"493",2017-11-08 02:05:10,807987,807635,807986,0.043,0.6000005,12701.90357204,9606.05385693,253703.02416915
"494",2017-11-08 02:05:11,807987,807818,807986,0.01,0.105,12703.01357204,9607.68109479,253699.70612842
"495",2017-11-08 02:05:12,807253,807253,807985,0.6032,0.57,12709.2209714,9608.0314904,253683.40652691
"496",2017-11-08 02:05:13,807985,807254,807869,0.28,0.507,12706.0420709,9600.03059479,253674.39652691
"497",2017-11-08 02:05:14,807985,807644,807869,0.01,0.507,12721.01807164,9587.69865667,253670.94872097
"498",2017-11-08 02:05:15,807868,807644,807868,0.01,0.78483739,12722.56727156,9601.74299484,253668.90592012
"499",2017-11-08 02:05:16,807868,807644,807867,0.01,0.0335,12718.65757082,9602.96399509,253666.90492012
"500",2017-11-08 02:05:17,807868,807644,807867,0.01,0.0335,12720.70337082,9602.06399459,253662.39448276
"501",2017-11-08 02:05:18,807868,807780,807866,0.01,0.0435,12721.83337082,9601.60089095,253658.94448276
"502",2017-11-08 02:05:19,807216,807304,807867,0.1,0.66,12723.21337082,9604.0473907,253660.59398276
"503",2017-11-08 02:05:20,807848,807304,807866,0.1,0.76833739,12736.68727106,9606.24739045,253650.59678301
"504",2017-11-08 02:05:21,807848,807258,807866,0.9803,1.38753739,12732.10267082,9603.69659045,253629.79678301
"505",2017-11-08 02:05:22,807865,807610,807865,0.01,1.28112427,12735.21617057,9599.11851373,253629.84485874
"506",2017-11-08 02:05:23,807865,807610,807865,0.01,0.6192,12718.81617056,9598.86658946,253628.00522965
"507",2017-11-08 02:05:24,807865,807610,807860,0.01,0.005,12717.15707056,9606.5680931,253620.04022965
"508",2017-11-08 02:05:25,807865,807610,807860,0.01,0.005,12726.15207081,9622.10135695,253616.04022965
"509",2017-11-08 02:05:26,807258,807260,807860,1.0367,0.005,12719.93257081,9631.14565745,253615.54022965
"510",2017-11-08 02:05:27,807863,807259,807864,0.977,0.76833739,12724.1928718,9643.89489583,253613.44022965
"511",2017-11-08 02:05:28,807863,807262,807862,2.2442,0.9637,12725.61007181,9647.58069583,253610.14022965
"512",2017-11-08 02:05:29,807863,807663,807861,0.006,0.76833739,12730.42607304,9633.15369583,253610.14022965
"513",2017-11-08 02:05:30,807863,807663,807859,0.006,0.56,12735.24617304,9628.48935794,253609.13122965
"514",2017-11-08 02:05:31,807999,807338,807860,0.0201,0.46,12733.42597205,9617.33699533,253601.14622965
"515",2017-11-08 02:05:32,807999,807290,807860,1.48,0.46,12737.83587107,9615.13799423,253599.14622965
"516",2017-11-08 02:05:33,807999,807600,807858,0.01,0.6318,12738.15496984,9611.70979324,253597.92622965
"517",2017-11-08 02:05:34,807291,807295,807799,0.005,0.46,12737.43006984,9613.23799324,253597.12622965
"518",2017-11-08 02:05:35,807799,807406,807799,0.539,0.455,12726.64906885,9613.06099324,253589.46784425
"519",2017-11-08 02:05:36,807799,807569,807799,0.01,1.0289,12742.46407911,9617.03489374,253589.46884425
"520",2017-11-08 02:05:37,807799,807569,807798,0.01,1.0285,12731.03847911,9626.49449374,253584.46884425
"521",2017-11-08 02:05:38,807798,807569,807798,0.01,1.0265,12732.01847911,9627.42279473,253584.46904489
"522",2017-11-08 02:05:39,807798,807708,807799,0.01,1.5758,12718.61107812,9627.67209473,253583.23384403
"523",2017-11-08 02:05:40,807798,807708,807799,0.01,1.0358,12718.95037812,9626.13349523,253582.50384403
"524",2017-11-08 02:05:41,807708,807569,807800,0.01,1.7,12720.08477886,9614.37999448,253580.51384403
"525",2017-11-08 02:05:42,807778,807569,807800,0.01,1.7,12718.06517497,9619.77999523,253580.52384403
"526",2017-11-08 02:05:43,807800,807569,807708,0.01,0.01,12721.48537497,9619.65999424,253580.54384403
"527",2017-11-08 02:05:44,807800,807569,807799,0.01,1.0677,12732.70437695,9620.12769424,253581.04184403
"528",2017-11-08 02:05:45,807799,807569,807799,0.01,0.4677,12734.4983767,9615.32769349,253581.44184403
"529",2017-11-08 02:05:46,807799,807569,807798,0.01,0.7127,12724.86117571,9618.09849399,253581.64184403
"530",2017-11-08 02:05:47,807798,807569,807798,0.01,0.1127,12721.03557324,9617.19849399,253582.24184403
"531",2017-11-08 02:05:48,807569,807569,807800,0.005,0.8927,12690.23066885,9618.19949685,253552.44684403
"532",2017-11-08 02:05:49,807569,807569,807800,0.005,0.8927,12688.16997348,9619.8694976,253552.40584403
"533",2017-11-08 02:05:50,807569,807569,807800,3.805,0.8927,12718.27897546,9620.1694976,253551.10624403
"534",2017-11-08 02:05:51,807851,807569,807851,3.805,0.623,12734.27897546,9613.16949388,253552.79524403
"535",2017-11-08 02:05:55,807999,807572,807922,1.5248,0.017,12729.77777693,9601.89189667,253555.9779436
"536",2017-11-08 02:05:56,807999,807572,807922,1.5248,0.017,12730.77077643,9602.60099692,253555.9779436
"537",2017-11-08 02:05:57,807999,807572,807996,1.5248,0.1161,12728.69077619,9602.48399692,253555.5769436
"538",2017-11-08 02:05:58,807999,807572,807997,1.5248,0.33,12723.8907752,9601.16709742,253557.3269436
"539",2017-11-08 02:05:59,807998,807572,807921,1.4748,0.017,12719.61477521,9611.23100015,253557.6379436
"540",2017-11-08 02:06:00,807998,807573,807921,0.28,0.017,12715.31577546,9601.7379994,253557.6379436
"541",2017-11-08 02:06:01,807998,807573,807721,0.49960439,0.01,12714.92497546,9602.47179916,253557.6379436
"542",2017-11-08 02:06:02,807998,807574,807721,1.5666,0.01,12717.1467757,9603.97179941,253556.9779436
"543",2017-11-08 02:06:03,807920,807574,807920,1.5666,0.0036,12721.94677594,9602.67179891,253556.8779436
"544",2017-11-08 02:06:04,807920,807573,807720,0.21960439,0.0112,12720.38017594,9603.67939891,253556.84864424
"545",2017-11-08 02:06:08,807919,807490,807919,0.21960439,0.3683,12671.6193757,9600.22636309,253535.54761831
"546",2017-11-08 02:06:09,807919,807490,807919,0.21960439,0.3683,12671.6193757,9600.22636309,253535.54761831
"547",2017-11-08 02:06:10,807919,807491,807566,1.6296,0.01,12677.1856757,9600.29536309,253535.24761831
"548",2017-11-08 02:06:11,807919,807490,807566,0.21960439,0.01,12677.1647757,9600.01916309,253533.23531831
"549",2017-11-08 02:06:16,807856,807601,807686,0.4317,0.01,12676.65397428,9616.77046507,253531.82271084
"550",2017-11-08 02:06:17,807856,807601,807686,0.4317,0.01,12680.55397502,9616.77046507,253531.82271084
"551",2017-11-08 02:06:18,807856,807600,807618,0.3,0.01,12648.37017137,9607.18046432,253531.55624962
"552",2017-11-08 02:06:19,807591,807590,807618,0.19,0.01,12665.74517113,9618.53846582,253531.55124962
"553",2017-11-08 02:06:20,807590,807566,807618,0.00149957,2.21,12659.45607137,9616.78546458,253524.36124792
"554",2017-11-08 02:06:21,807617,807488,807617,0.36999957,0.59520106,12659.77147137,9616.12146489,253514.04931997
"555",2017-11-08 02:06:22,807488,807488,807617,0.31999957,0.59520106,12659.23347147,9624.21846489,253514.07971997
"556",2017-11-08 02:06:23,807591,807591,807617,0.1317,0.56060305,12659.8233717,9619.22556613,253514.57174026
"557",2017-11-08 02:06:24,807617,807591,807615,0.1317,0.1683,12646.90867072,9626.38386588,253513.74041974
"558",2017-11-08 02:06:25,807617,807489,807610,0.1317,0.005,12653.04487097,9641.06620147,253506.19701974
"559",2017-11-08 02:06:29,807256,807253,807570,0.1246998,0.05,12648.23307131,9600.31549972,253456.21611974
"560",2017-11-08 02:06:30,807256,807257,807489,0.28,0.00149977,12657.62967106,9608.24912593,253445.20831974
"561",2017-11-08 02:06:31,807256,807253,807489,0.1246998,0.00149977,12652.13807057,9603.24892493,253415.20831974
"562",2017-11-08 02:06:32,807256,807316,807489,0.0087,1.00149977,12657.59677081,9608.37322493,253414.99932043
"563",2017-11-08 02:06:33,807256,807316,807489,0.0087,1.00149977,12658.48677155,9609.15892493,253412.24757721
"564",2017-11-08 02:06:34,807256,807257,807488,0.01,1.452,12646.61677082,9605.89022393,253403.58757721
"565",2017-11-08 02:06:35,807256,807303,807488,0.0392,1.452,12648.73127156,9608.69022393,253403.57757721
"566",2017-11-08 02:06:36,807256,807303,807483,0.0392,0.005,12648.43727156,9608.31622666,253361.75395001
"567",2017-11-08 02:06:37,807483,807257,807483,0.01,0.00320084,12647.89517057,9608.3236275,253358.99134917
"568",2017-11-08 02:06:38,807483,807302,807483,0.0734,0.00320084,12647.38967057,9604.24979291,253357.46165817
"569",2017-11-08 02:06:39,807483,807257,807489,0.01,0.00149977,12644.03626934,9601.54659107,253357.46165817
"570",2017-11-08 02:06:40,807487,807307,807487,0.005,1.5012,12653.85849242,9604.50129207,253356.83595492
"571",2017-11-08 02:06:41,807487,807307,807489,0.005,0.00149977,12664.37399266,9593.69169107,253353.4187554
"572",2017-11-08 02:06:42,807487,807307,807486,0.005,0.941,12653.02345161,9594.89279157,253350.6187554
"573",2017-11-08 02:06:43,807486,807307,807489,0.001,0.00149977,12659.00675161,9593.95757384,253348.6115554
"574",2017-11-08 02:06:44,807201,807201,807485,0.1556998,0.93920054,12660.36175161,9599.69877705,253346.81335486
"575",2017-11-08 02:06:45,807570,807342,807570,0.0734,0.04349977,12661.48965279,9597.26877155,253343.78263707
"576",2017-11-08 02:06:46,808255,807200,808255,0.215,4.73318513,12661.41125254,9582.8687718,253358.77763707
"577",2017-11-08 02:06:51,807361,807480,808170,3.80179946,0.0077,12661.12517868,9603.81588922,253354.58773771
"578",2017-11-08 02:06:52,807794,807480,807794,3.80179946,0.005,12660.04117819,9603.61928922,253354.06943813
"579",2017-11-08 02:06:53,807600,807600,807794,0.015,0.005,12660.54777819,9600.98428897,253352.79443813
"580",2017-11-08 02:06:54,807794,807600,807794,0.015,0.00020046,12671.04887745,9601.35278957,253348.79923767
"581",2017-11-08 02:06:55,807794,807794,808048,0.09979954,0.60000025,12671.12317699,9601.70258936,253343.69693866
"582",2017-11-08 02:06:56,807794,807794,807877,0.09979954,0.04,12662.13937675,9597.08548861,253343.69693866
"583",2017-11-08 02:06:57,807794,807711,807794,0.05,1.90020046,12665.09357869,9587.29868782,253343.7078382
"584",2017-11-08 02:06:58,807794,807711,807793,0.05,0.28,12672.70837869,9587.04288796,253344.4730582
"585",2017-11-08 02:06:59,807711,807711,807794,0.04820104,1.90020046,12671.73188003,9596.92488871,253339.4841567
"586",2017-11-08 02:07:00,807711,807711,807793,0.04820104,0.28,12672.63388077,9601.40488871,253333.8841567
"587",2017-11-08 02:07:01,807711,807711,807794,0.04820104,1.90020046,12673.84848077,9602.02488946,253330.7541567
"588",2017-11-08 02:07:02,807711,807711,807793,0.04820104,0.28,12673.56848077,9603.09488946,253330.7541567
"589",2017-11-08 02:07:03,807999,807711,807999,0.04820104,0.09020121,12664.58948013,9602.13459045,253334.63992016
"590",2017-11-08 02:07:04,807999,807711,807999,0.04820104,0.09020121,12674.10848062,9589.2898897,253334.63102016
"591",2017-11-08 02:07:05,807999,807711,807999,0.04820104,0.09020121,12673.76595443,9590.3215902,253333.97102016
"592",2017-11-08 02:07:06,807711,807711,807999,0.04670167,0.09020121,12673.569881,9584.58158945,253333.97251953
"593",2017-11-08 02:07:07,807711,807799,807999,0.006,0.09020121,12671.86958001,9584.33458896,253332.77251953
"594",2017-11-08 02:07:08,807711,807799,807999,0.006,0.09020121,12664.07458075,9594.18058971,253332.77251953
"595",2017-11-08 02:07:09,808000,807799,808000,0.006,0.2,12664.2920805,9593.65138905,253333.57231909
"596",2017-11-08 02:07:10,808000,807799,808000,0.006,0.199,12658.33007952,9583.9713883,253333.57831909
"597",2017-11-08 02:07:11,807713,807713,808000,1.0605,0.199,12663.93565556,9590.19808905,253334.27831909
"598",2017-11-08 02:07:12,808000,807714,808000,0.89692594,0.198,12664.07208101,9588.65118905,253324.67251923
"599",2017-11-08 02:07:13,808000,807714,808000,1.13692594,0.198,12664.3120815,9588.40118905,253322.49079661
"600",2017-11-08 02:07:14,808000,807882,808000,0.01,0.198,12683.82368298,9598.2795903,253321.93459661
