"","time","lst","best_bid","best_ask","best_bid_size","best_ask_size","total_bid_depth","total_ask_depth","volume"
"1",2017-11-08 00:27:27,810880,810880,810882,0.68,3.74870034,13033.14004615,9824.77883317,253652.10874558
"2",2017-11-08 00:27:29,811000,810881,810999,0.03,0.26,13027.10109222,9828.17983366,253656.82364678
"3",2017-11-08 00:27:30,811000,810881,810999,0.03,0.26,13027.10109222,9828.17983366,253656.82364678
"4",2017-11-08 00:27:31,810881,810644,811000,0.559,3.22870034,13037.14370157,9825.41783316,253653.08554678
"5",2017-11-08 00:27:32,810881,810881,811000,0.84970034,3.22870034,13039.32240215,9827.80383366,253653.07130971
"6",2017-11-08 00:27:33,810881,810881,811001,0.24970034,3,13030.28240093,9818.97513283,253653.75023971
"7",2017-11-08 00:27:34,810600,810645,810999,2.4,12.6,13039.34240166,9831.40013258,253654.33023971
"8",2017-11-08 00:27:35,810600,810850,810977,0.001,0.559,13030.65310151,9833.98913283,253654.11723971
"9",2017-11-08 00:27:37,810976,810646,810976,0.171,1.9310478,13041.05530191,9847.25058151,253654.57779227
"10",2017-11-08 00:27:38,810976,810646,810976,0.171,1.9310478,13038.65530117,9837.66758077,253652.00779227
"11",2017-11-08 00:27:40,810602,810646,810975,0.26,0.1592,13023.28743251,9844.28525574,253651.62779227
"12",2017-11-08 00:27:41,810600,810600,810975,0.28870034,0.1592,13020.52347802,9838.54525574,253654.62674227
"13",2017-11-08 00:27:43,810504,810850,810974,1.5,1.2956,13022.50659498,9830.5140545,253644.83267083
"14",2017-11-08 00:27:44,810504,810850,810973,1.5,1.2000005,13024.90659572,9841.31405574,253641.43267083
"15",2017-11-08 00:27:45,810160,810160,810974,9.66352461,1.2956,13004.80755051,9822.63243193,253661.54262083
"16",2017-11-08 00:27:46,810161,810160,810850,9.66352461,0.02,12996.95735051,9835.19365774,253658.37178764
"17",2017-11-08 00:27:47,810610,810162,810500,1.1246,0.95,13000.38195198,9831.92167858,253659.51178764
"18",2017-11-08 00:27:48,810162,810162,810500,0.1246,0.95,12989.78195198,9829.15467834,253659.49888694
"19",2017-11-08 00:27:49,810851,810356,810500,0.01,3.1,12999.76735247,9838.93427908,253661.73378078
"20",2017-11-08 00:27:50,810001,810001,810060,0.01926099,0.91285997,12993.96396559,9841.43513905,253678.07042086
"21",2017-11-08 00:27:51,810000,810000,810102,13.29022102,0.4,12982.63092513,9785.83207957,253681.01723082
"22",2017-11-08 00:27:52,810356,810356,810498,28.7695,0.6,13024.19652476,9779.63127942,253685.29750375
"23",2017-11-08 00:27:54,810356,810356,810495,9.9695,0.01197179,13032.71044191,9813.49038766,253702.94495375
"24",2017-11-08 00:27:56,810356,810356,810400,2.71949975,5,13018.36044117,9830.63590017,253703.79910619
"25",2017-11-08 00:27:57,810356,810356,810400,1.11949975,5,13026.08044215,9821.03589943,253703.37900619
"26",2017-11-08 00:27:58,810356,810357,810399,0.32,1.1239,13035.37644191,9821.99729755,253704.93590619
"27",2017-11-08 00:27:59,810160,810161,810400,0.9274,5,13027.3238424,9837.12263014,253714.40490619
"28",2017-11-08 00:28:00,810160,810211,810398,2,1.0725,13030.75684191,9844.11526334,253717.39383619
"29",2017-11-08 00:28:01,810400,810400,810402,0.2821,0.01,13053.52564167,9852.96140001,253724.06380619
"30",2017-11-08 00:28:02,810399,810350,810400,0.01197139,0.78282,13064.75721306,9909.31332001,253725.15930619
"31",2017-11-08 00:28:03,810213,810215,810400,0.14,0.78282,13015.33524265,9894.03332174,253730.15570662
"32",2017-11-08 00:28:05,810399,809999,810281,1.1,0.01,12987.39474937,9847.61679543,253779.15024741
"33",2017-11-08 00:28:06,810500,810216,810498,0.14,0.32,13003.90406886,9820.9197238,253811.14974746
"34",2017-11-08 00:28:07,810500,810216,810498,0.14,0.32,13003.32406886,9820.9197238,253810.65174746
"35",2017-11-08 00:28:08,810216,810100,810499,0.491,0.8419,13005.20506984,9824.59467799,253808.12176769
"36",2017-11-08 00:28:09,810500,810100,810499,0.491,0.32,12995.56506886,9821.48467725,253808.23929252
"37",2017-11-08 00:28:10,810215,810216,810497,1.3687,0.6312,12997.16576911,9813.56667701,253815.23929252
"38",2017-11-08 00:28:11,810000,809999,810000,1.3,29.3317,12993.75606911,9847.59837874,253827.85259252
"39",2017-11-08 00:28:12,809999,809999,810000,1.2,3.09151655,13002.60006911,9821.84919529,253854.09727602
"40",2017-11-08 00:28:13,810500,810124,810350,0.60000074,1,12986.26086936,9818.95768047,253857.18079257
"41",2017-11-08 00:28:14,810500,810124,810474,0.60000074,1.1985,12990.22617034,9798.10618072,253882.12310522
"42",2017-11-08 00:28:15,810700,810600,810700,2.97945371,0.00297239,12975.62032307,9790.0676325,253879.77717062
"43",2017-11-08 00:28:16,810100,810025,810100,7,1.11174555,12992.44086813,9783.27937607,253883.46730507
"44",2017-11-08 00:28:17,810100,810601,810699,0.4244,0.26,13002.02652233,9805.13613052,253883.60870637
"45",2017-11-08 00:28:18,810550,810550,810700,4.7244,2.00297239,12989.79052233,9806.97063077,253868.99770637
"46",2017-11-08 00:28:19,810602,810602,810699,0.58,0.238,12994.07572208,9799.77895458,253853.04508414
"47",2017-11-08 00:28:20,810698,810606,810698,0.005,6.95,12986.97632208,9817.45095409,253848.60296584
"48",2017-11-08 00:28:21,810552,810552,810697,0.6373,0.02,12997.03942379,9819.33485434,253846.69084647
"49",2017-11-08 00:28:22,810500,810223,810500,0.1523,64.8563,12992.94192256,9874.23105582,253845.35441512
"50",2017-11-08 00:28:23,810222,810087,810090,0.01,0.97264639,12989.32536886,9883.52443665,253848.65739753
"51",2017-11-08 00:28:24,810090,810100,810499,0.13735361,7.8737,12990.04675058,9894.36621787,253852.46099392
"52",2017-11-08 00:28:25,809870,810000,810500,0.05,63.01,12969.95477795,9882.53824475,253868.59999392
"53",2017-11-08 00:28:26,809850,809800,809850,0.01,2.12332468,12959.58171836,9889.40459729,253873.48666924
"54",2017-11-08 00:28:27,810451,810361,810451,0.074,0.431,12952.46769036,9883.90507016,253876.96037759
"55",2017-11-08 00:28:28,809790,809722,809790,0.00197199,8.68515373,12946.63431706,9897.21184722,253885.64310617
"56",2017-11-08 00:28:29,809790,809722,809790,0.00197199,8.07318066,12956.30861779,9886.85925235,253880.60260436
"57",2017-11-08 00:28:30,809790,809781,809790,0.01,7.26098121,12976.63091975,9873.4788519,253865.63010381
"58",2017-11-08 00:28:31,809790,809728,809790,5,4.00098121,12916.51962,9875.01588001,253867.89898381
"59",2017-11-08 00:28:32,809680,809680,809790,2.92114472,3.69048195,12999.1354178,9861.92978204,253861.44278381
"60",2017-11-08 00:28:33,809680,809626,809722,1,1,12936.55727332,9891.26978476,253862.38282841
"61",2017-11-08 00:28:34,809451,809451,809700,0.26094472,0.2756,12910.20361706,9875.4505834,253863.98041466
"62",2017-11-08 00:28:35,809291,809291,809587,0.40495898,34.99,12905.61522967,9921.8946665,253869.58741593
"63",2017-11-08 00:28:36,809587,809425,809587,2.5,34.74,12889.54122967,9931.85576674,253878.07541598
"64",2017-11-08 00:28:37,809425,809425,809518,1.149,0.03,12906.80622967,9931.62873938,253875.74641598
"65",2017-11-08 00:28:38,808901,808901,809425,5.99100122,0.6916,12881.95693138,9912.5925268,253898.38116765
"66",2017-11-08 00:28:40,809121,809121,809134,3.7644,0.029,12896.56893065,9920.39565391,253907.47836647
"67",2017-11-08 00:28:41,809121,809121,809134,3.7644,0.029,12901.82693163,9920.39565391,253909.1859682
"68",2017-11-08 00:28:42,809121,809121,809134,2.7544,0.029,12926.72873163,9919.87705401,253913.13490141
"69",2017-11-08 00:28:43,809121,809121,809422,1.87142761,0.26,12957.10055802,9880.34145401,253913.62229775
"70",2017-11-08 00:28:44,809121,809120,809121,5,4.18377345,12966.30913115,9876.52622612,253914.93712504
"71",2017-11-08 00:28:45,809134,809153,809421,7,0.29,12982.34125819,9868.30255173,253922.24479997
"72",2017-11-08 00:28:46,809518,809222,809421,1,0.32,12902.77125696,9870.43145309,253911.65467722
"73",2017-11-08 00:28:47,809518,809134,809518,6.72122655,0.2889,12916.39025721,9863.50945232,253909.1867267
"74",2017-11-08 00:28:48,809518,809518,809550,0.686,0.099,12915.93175589,9868.50791837,253914.35742668
"75",2017-11-08 00:28:50,809788,809523,809685,0.005,0.507,12955.30252958,9853.24613565,253899.29228533
"76",2017-11-08 00:28:51,809788,809600,809685,0.02,0.507,12969.45303105,9852.35545226,253888.92051422
"77",2017-11-08 00:28:53,809685,809601,809650,7,0.72482,12989.65153155,9837.85427292,253887.81654484
"78",2017-11-08 00:28:54,809601,809686,809787,0.2565,0.11,12988.42102983,9883.95785342,253881.73209595
"79",2017-11-08 00:28:55,809601,809686,810161,0.2565,1.7434,12985.14002909,9891.84885356,253876.31983641
"80",2017-11-08 00:28:56,810162,809787,810160,0.11,1.3192,12981.92182775,9888.55155207,253878.49983641
"81",2017-11-08 00:28:57,809787,809787,810159,0.01,1.20000025,12971.92582785,9894.64925257,253877.22083641
"82",2017-11-08 00:28:58,809788,809788,810159,6.989,1.20000025,12973.77872785,9885.16405237,253878.33076641
"83",2017-11-08 00:28:59,810162,809788,810162,6.969,0.02340025,12973.52082907,9887.82005262,253880.22116641
"84",2017-11-08 00:29:00,810163,810163,810250,0.97559975,0.198,12965.38342956,9887.07065237,253880.28816666
"85",2017-11-08 00:29:01,810163,809790,810137,0.32,0.60000099,12974.74530375,9889.87065361,253880.09276666
"86",2017-11-08 00:29:02,810163,810164,810250,0.72,0.198,12971.29780252,9903.38285386,253873.24376575
"87",2017-11-08 00:29:04,810161,810159,810161,0.00179966,11.6321,12977.02720243,9930.1728546,253872.11801784
"88",2017-11-08 00:29:06,810142,810142,810161,0.00350083,10.9321,12981.81383285,9930.35725159,253871.64844701
"89",2017-11-08 00:29:07,810142,810142,810161,0.00350083,10.9321,12982.24903321,9930.32425159,253871.45844701
"90",2017-11-08 00:29:08,810161,810143,810160,7,0.6,12984.79933238,9918.13815424,253876.79474701
"91",2017-11-08 00:29:09,810143,810143,810161,6.7,0.8878,12979.90353211,9908.85515424,253879.09474701
"92",2017-11-08 00:29:10,810500,810325,810500,0.004,57.9871318,12979.36704168,9879.08997824,253883.88819899
"93",2017-11-08 00:29:11,810143,810143,810499,4.6066,0.21662233,12985.81624266,9875.98160156,253876.65452745
"94",2017-11-08 00:29:12,810500,810144,810499,0.21662233,2.60000075,12985.00286499,9869.1070839,253882.91797364
"95",2017-11-08 00:29:13,810499,810144,810499,0.21662233,2.57000075,12981.96886474,9868.53508514,253881.67897268
"96",2017-11-08 00:29:14,810143,810161,810490,0.00479904,8,12986.16326462,9868.33498514,253891.61997268
"97",2017-11-08 00:29:15,810500,810162,810500,7,0.68243869,12988.34604131,9806.44818415,253938.80888268
"98",2017-11-08 00:29:16,810967,810550,810966,2.35,0.6566,12990.74934205,9803.90234521,253934.5113209
"99",2017-11-08 00:29:17,810967,810551,810967,0.6,4.7890005,12985.19074057,9800.4190136,253943.6223214
"100",2017-11-08 00:29:18,810967,810901,810967,0.7933,14.38900149,12984.08664007,9809.90239226,253941.93918368
"101",2017-11-08 00:29:20,810967,810906,810967,0.005,13.58900223,12990.28231264,9826.50239424,253944.14175137
"102",2017-11-08 00:29:21,810967,810906,810967,0.005,1.01937423,12982.93831264,9813.15108765,253944.92335103
"103",2017-11-08 00:29:22,810967,810967,811119,0.81927963,0.4062943,12993.46706657,9837.80276995,253948.95986274
"104",2017-11-08 00:29:23,811119,810968,811119,0.03,0.3052943,12988.95556537,9838.00509111,253944.06150063
"105",2017-11-08 00:29:24,811120,810968,811120,0.03,1.4370943,12996.70328574,9836.9268948,253945.19337312
"106",2017-11-08 00:29:25,811193,811120,811193,7,7.98,13007.52429144,9875.55080198,253946.9066782
"107",2017-11-08 00:29:26,811193,811120,811193,7,7.98,13005.46609144,9875.55080198,253946.8466782
"108",2017-11-08 00:29:27,811120,811120,811193,5.7306057,7.98,12995.83089203,9865.35079754,253948.546678
"109",2017-11-08 00:29:28,811119,811043,811111,0.102,3.24189653,12989.10028633,9867.99269333,253955.2772837
"110",2017-11-08 00:29:29,811043,811043,811193,0.0288,6.23425522,12980.26709203,9867.80505079,253960.17492501
"111",2017-11-08 00:29:30,811043,811044,811106,0.0441,0.005,12986.90219399,9871.81005228,253959.25092449
"112",2017-11-08 00:29:31,811193,811044,811193,7,3.72825522,12989.33999275,9873.58073087,253954.45170775
"113",2017-11-08 00:29:32,811193,811045,811193,0.38,2.78605522,12996.623993,9868.18634906,253956.39139423
"114",2017-11-08 00:29:33,811193,811045,811193,0.38,2.78605522,12997.665293,9868.18634906,253956.95139423
"115",2017-11-08 00:29:34,811044,811046,811192,1.0413,0.9370057,12985.05274739,9859.40503186,253961.39139423
"116",2017-11-08 00:29:35,811193,811193,811250,6.27693908,0.02,13003.86268671,9849.50029062,253962.38781869
"117",2017-11-08 00:29:36,811193,811193,811250,1.31833908,0.02,13001.16778671,9849.51226191,253967.17970889
"118",2017-11-08 00:29:37,811398,811260,811398,0.1,0.6370057,12993.80238573,9849.62856761,253967.48465889
"119",2017-11-08 00:29:38,811398,811262,811399,0.6,0.4793,13003.07238671,9845.97756191,253967.17946116
"120",2017-11-08 00:29:39,811710,811262,811710,0.6,0.6,13003.35058671,9835.37121259,253977.84126178
"121",2017-11-08 00:29:40,811261,811333,811709,0.5,0.4821,12996.94358549,9848.81504932,253979.56928178
"122",2017-11-08 00:29:41,811261,811261,811709,5.605,0.7921,13001.08458647,9838.32504784,253980.47928178
"123",2017-11-08 00:29:42,811267,811291,811709,1.8,7,13007.15998671,9844.2846471,253980.72928178
"124",2017-11-08 00:29:43,811709,811334,811709,0.25358064,4.64390004,12995.91156711,9850.46384768,253983.32382081
"125",2017-11-08 00:29:44,811292,811292,811728,0.86028064,16.92140004,13007.56206736,9817.73134793,254014.13275734
"126",2017-11-08 00:29:45,811292,811335,811708,1.4576,0.5423,13005.46038721,9808.07064768,254013.20170762
"127",2017-11-08 00:29:46,811339,811339,811533,0.00350083,0.5,13000.6638878,9798.61361927,254023.20320679
"128",2017-11-08 00:29:47,811728,811292,811728,0.29,1.35247163,13001.3362878,9803.39042026,254025.04640679
"129",2017-11-08 00:29:48,811727,811621,811727,7,0.1183,13005.6198878,9798.98872076,253994.86640679
"130",2017-11-08 00:29:49,811728,811727,811728,1.372,0.07077163,12977.66128731,9812.81662076,253984.11623241
"131",2017-11-08 00:29:50,811727,811620,811727,0.08,0.288,13008.1380878,9796.85929836,253984.96833241
"132",2017-11-08 00:29:51,811969,811727,811969,0.48,0.09600074,13014.60208829,9784.12739836,253986.05233221
"133",2017-11-08 00:29:53,811888,811888,811968,0.98,1.302,12948.76651418,9768.38049811,253983.73629899
"134",2017-11-08 00:29:54,811888,811888,811950,0.48,2,12933.60571491,9782.38049811,253983.80599899
"135",2017-11-08 00:29:55,811888,811888,811950,0.48,2,12964.97852652,9787.73339935,253978.68669879
"136",2017-11-08 00:29:56,811800,811750,811800,0.02802821,7,12936.25862652,9816.25569935,253976.70562879
"137",2017-11-08 00:29:57,811889,811750,811894,0.02102821,0.01,12783.82202603,9809.79119885,253980.28549879
"138",2017-11-08 00:29:58,811700,811688,811700,0.002,0.65386134,12791.42219782,9836.66816069,253984.23883769
"139",2017-11-08 00:29:59,811688,811400,811461,0.099,0.00649917,12815.64019636,9826.29405887,253988.89328452
"140",2017-11-08 00:30:00,811688,811401,811688,0.1894,3.65736051,12843.48959759,9811.54223755,253987.74882825
"141",2017-11-08 00:30:01,811688,811389,811688,8.561,3.63736051,12900.101597,9804.88281416,253983.55882825
"142",2017-11-08 00:30:02,811389,811390,811688,0.6,3.63736051,12894.13459798,9823.68313755,253982.53362779
"143",2017-11-08 00:30:03,811688,811457,811631,0.04391045,0.0024,12934.46300866,9808.17603755,253982.45992779
"144",2017-11-08 00:30:04,811688,811457,811600,0.04391045,0.52,12901.32960818,9830.36811738,253975.44885779
"145",2017-11-08 00:30:05,811600,811389,811600,7,0.3742,12895.33789725,9831.76973879,253955.09465779
"146",2017-11-08 00:30:06,811389,811390,811393,0.34,0.01197209,12896.51842638,9831.32920915,253949.6764047
"147",2017-11-08 00:30:07,811687,811390,811687,0.2739,0.42837209,12895.97642687,9830.03328025,253947.2642045
"148",2017-11-08 00:30:08,811687,811390,811599,0.16162791,2,12896.12115478,9830.71008099,253942.0731545
"149",2017-11-08 00:30:09,811599,811390,811599,0.16162791,1.9930005,12897.84625552,9852.66608322,253942.080154
"150",2017-11-08 00:30:10,811390,811390,811688,0.34742794,10.59986474,12885.67030486,9864.39851461,253940.10792138
"151",2017-11-08 00:30:11,811391,811391,811688,0.14522821,6.2,12880.54323282,9859.49164962,253933.16789317
"152",2017-11-08 00:30:12,811389,811450,811629,0.04309102,0.0024,12883.13493957,9869.18634987,253933.64574317
"153",2017-11-08 00:30:13,811388,811388,811389,0.2184007,2.55571321,12886.75494901,9888.14080709,253933.33383349
"154",2017-11-08 00:30:14,811388,811220,811388,5.493,0.02520016,12886.60154831,9882.50100626,253922.43903313
"155",2017-11-08 00:30:15,811220,811220,811389,5.483,2.53371321,12886.9475488,9885.86143327,253900.92770164
"156",2017-11-08 00:30:16,811221,811221,811389,6.3,2.53371321,12887.08096017,9892.62943302,253891.90200965
"157",2017-11-08 00:30:17,811221,811254,811388,0.00321943,1.2077,12890.72417984,9883.8728121,253880.6865428
"158",2017-11-08 00:30:18,811221,811220,811387,3.483,1.2077,12892.86096041,9876.48843301,253874.1701928
"159",2017-11-08 00:30:19,811000,811000,811309,0.90512513,0.08,12888.71447935,9866.3201116,253868.4301926
"160",2017-11-08 00:30:20,811001,811001,811309,0.10000049,0.08,12888.51447984,9858.1210732,253866.9551426
"161",2017-11-08 00:30:21,810400,810600,811369,6.83787631,4,12887.84281892,9857.6850737,253867.62880352
"162",2017-11-08 00:30:22,811222,811222,811250,0.4231,0.02,12883.36591671,9855.45607222,253846.29792479
"163",2017-11-08 00:30:23,810600,810600,811369,2.60507631,3.825,12884.46699625,9858.66577346,253850.43563918
"164",2017-11-08 00:30:24,810600,810600,810959,3.09507631,0.01,12881.0498165,9865.24686437,253849.88093679
"165",2017-11-08 00:30:25,810810,810810,810959,0.3526,0.01,12878.2374165,9868.13812523,253843.83921125
"166",2017-11-08 00:30:26,811181,811181,811201,5.38,0.002,12888.82221674,9862.61316388,253842.92980657
"167",2017-11-08 00:30:27,811181,810800,811193,0.02,0.01197129,12858.46981526,9872.19029726,253835.54530657
"168",2017-11-08 00:30:28,810603,810603,811181,0.82000073,0.78282,12866.99881526,9870.26311701,253828.11425657
"169",2017-11-08 00:30:29,810602,810604,811181,0.28,0.78282,12878.52480254,9868.79311726,253828.07647067
"170",2017-11-08 00:30:30,810602,810909,811181,0.01,0.78282,12882.60580254,9868.79311898,253802.10480536
"171",2017-11-08 00:30:31,811179,810604,811179,0.6,6.95,12889.03351478,9854.13710577,253799.04480536
"172",2017-11-08 00:30:32,811179,810606,811178,1.20000098,0.60000025,12890.93711576,9896.23710651,253796.43400536
"173",2017-11-08 00:30:33,810606,810606,811178,2.33500098,1.20000025,12884.81491502,9906.33710626,253792.29081041
"174",2017-11-08 00:30:35,810607,810614,811177,0.368,1.0809,12894.63922946,9897.40280335,253792.32604065
"175",2017-11-08 00:30:36,810607,810614,811176,0.368,0.4809,12895.55422896,9898.83280483,253792.46464065
"176",2017-11-08 00:30:37,811176,810614,811176,0.368,0.4509,12900.79381624,9900.60280582,253789.83964065
"177",2017-11-08 00:30:38,811175,810614,811175,0.378,7.0271,12897.321816,9907.54000755,253790.13859065
"178",2017-11-08 00:30:39,811175,810615,811174,1.6983,0.60000198,12898.01411586,9906.03303542,253791.01859065
"179",2017-11-08 00:30:40,811174,810616,811174,7,2.10160148,12895.41661635,9886.41492827,253788.94205949
"180",2017-11-08 00:30:41,811174,810666,811173,1,0.2966,12892.74861611,9899.0275922,253784.8785904
"181",2017-11-08 00:30:42,811173,810900,811173,0.001,0.79930204,12891.63551719,9906.73029325,253785.07932036
"182",2017-11-08 00:30:43,811173,810900,811170,0.001,0.005,12887.96281743,9913.83629347,253783.94273445
"183",2017-11-08 00:30:44,810689,810689,811171,0.45850123,1.20000099,12888.45031866,9911.76629298,253787.54023225
"184",2017-11-08 00:30:45,810689,810786,811113,8.7278,4,12896.41061867,9939.70348995,253778.43523225
"185",2017-11-08 00:30:46,810689,810786,811113,8.7278,4,12888.01061817,9939.70348995,253778.43523225
"186",2017-11-08 00:30:47,810689,810786,810953,8.7278,0.01,12894.58061867,9938.11348995,253777.33523225
"187",2017-11-08 00:30:48,810689,810787,810953,1.7306,0.01,12895.07341867,9963.84419045,253763.82923225
"188",2017-11-08 00:30:49,810689,810786,810953,7,0.01,12895.16281818,9973.22609218,253763.79823225
"189",2017-11-08 00:30:50,810786,810786,810953,4,0.01,12891.49781891,9973.82609218,253762.29263225
"190",2017-11-08 00:30:51,810786,810888,810953,1,0.01,12888.31481867,9972.30369232,253763.68263176
"191",2017-11-08 00:30:52,810666,810690,810953,0.4,0.01,12892.83131768,9972.70529232,253763.07287126
"192",2017-11-08 00:30:53,810690,810690,810888,0.39,0.6168,12893.32624161,9964.77948943,253761.73146176
"193",2017-11-08 00:30:54,810690,810690,811111,0.36,0.5593,12891.67449769,9969.30432662,253755.89803506
"194",2017-11-08 00:30:55,810690,810640,810690,0.01198559,0.01801511,12880.25045308,9972.28170457,253755.04001972
"195",2017-11-08 00:30:56,810640,810640,811110,8.559e-05,0.6,12891.62252355,9980.45368971,253754.14400451
"196",2017-11-08 00:30:57,810640,810640,810690,8.559e-05,0.7,12897.69652355,9981.15368971,253754.14400451
"197",2017-11-08 00:30:58,810690,810640,811111,0.01008559,0.6,12901.72322453,9980.05368946,253751.22885517
"198",2017-11-08 00:30:59,810690,810953,811111,0.00479934,1.2,12902.97402387,10004.78438946,253751.11900452
"199",2017-11-08 00:31:00,810690,810953,811111,0.00479934,8,12897.48002337,9980.44218674,253751.11793452
"200",2017-11-08 00:31:01,810690,810953,811111,0.00479934,8.21866284,12880.00402264,9972.04218897,253751.10188452
"201",2017-11-08 00:31:02,811111,810953,811000,0.00479934,0.58849877,12891.6930224,9978.48738873,253753.28608498
"202",2017-11-08 00:31:03,811111,810953,810999,0.00479934,0.6,12892.16499605,9969.0988885,253753.28448498
"203",2017-11-08 00:31:04,810951,810953,810998,0.00678893,0.3195,12895.32576521,9964.71119,253748.29448498
"204",2017-11-08 00:31:05,810640,810640,810998,2.8945568,0.3195,12893.32576521,9964.71119,253749.79448498
"205",2017-11-08 00:31:06,810700,810700,810997,0.62238959,0.6,12906.95014536,9976.09452717,253751.25568535
"206",2017-11-08 00:31:08,810640,810640,810951,0.88194639,0.01,12912.17004438,9978.38148975,253737.0658458
"207",2017-11-08 00:31:09,810998,810660,810998,0.001,5.325,12916.7470434,9967.96448999,253739.25581619
"208",2017-11-08 00:31:10,810600,810600,810700,2.38294639,0.02,12928.75804414,9973.97648925,253740.70476619
"209",2017-11-08 00:31:11,810600,810675,810700,0.01,0.02,12930.50994365,9971.71448925,253738.70476619
"210",2017-11-08 00:31:12,810600,810675,810700,0.01,0.02,12930.49894365,9981.35598935,253738.60476619
"211",2017-11-08 00:31:13,811112,810700,811112,5.9442,0.51,12933.65433228,9980.26148935,253734.94319019
"212",2017-11-08 00:31:14,810640,810701,810999,0.6,7,12930.32213376,10001.2124895,253739.82929019
"213",2017-11-08 00:31:15,810999,810712,810999,0.01,6.9,12915.48713376,9994.5464895,253739.22717019
"214",2017-11-08 00:31:16,810701,810701,810999,0.5353,6.9,12928.478234,9982.0562895,253738.67610064
"215",2017-11-08 00:31:17,810701,810732,810999,0.367,6.9,12922.42993401,9966.02928925,253738.75110064
"216",2017-11-08 00:31:18,810999,810732,810999,0.3345,6.4,12938.5174345,9978.05599098,253738.29460064
"217",2017-11-08 00:31:19,810732,810732,810998,0.3183,0.1297,12931.60123352,9978.18669128,253738.21080064
"218",2017-11-08 00:31:20,810732,810733,810998,0.4703,0.1297,12930.82123352,9978.18665732,253734.37004938
"219",2017-11-08 00:31:21,810732,810733,810998,0.4703,0.1297,12931.40603306,9978.21665732,253733.06469437
"220",2017-11-08 00:31:22,810732,810733,810998,0.4703,0.1297,12936.20103281,9977.60165732,253731.76469437
"221",2017-11-08 00:31:23,810733,810733,810998,0.4245,0.1297,12940.46023183,9973.41665633,253718.29249437
"222",2017-11-08 00:31:24,810600,810600,810998,1.80434593,0.1297,12931.37493281,9977.66665732,253725.19037437
"223",2017-11-08 00:31:25,810401,810401,810689,2.84031622,0.5,12925.99493331,9990.23665855,253727.55037437
"224",2017-11-08 00:31:26,810689,810601,810689,0.4,0.4,12924.59502508,9989.99561419,253725.26137437
"225",2017-11-08 00:31:27,810689,810601,810689,0.4,0.4,12919.00502582,9989.26591345,253725.06137437
"226",2017-11-08 00:31:28,810689,810638,810689,0.294,0.4,12925.00721059,9973.26391211,253725.05737437
"227",2017-11-08 00:31:29,810689,810638,810689,0.294,0.39850003,12924.80721083,9973.89141163,253716.46387334
"228",2017-11-08 00:31:30,810689,810638,810995,0.294,0.8,12923.98861009,9975.2128116,253711.77645477
"229",2017-11-08 00:31:32,810300,810254,810300,0.03,7.63468,12921.78471354,10000.09929027,253717.29527477
"230",2017-11-08 00:31:33,810300,810254,810300,0.03,6.85586,12932.58471526,9996.94046977,253716.54717358
"231",2017-11-08 00:31:35,810007,810018,810243,1,0.443,12928.86831624,9997.43946977,253671.124804
"232",2017-11-08 00:31:36,810003,810003,810242,5.59011889,0.6,12923.49172994,9989.90946977,253681.144804
"233",2017-11-08 00:31:37,810134,810019,810242,0.12,1.5473,12919.6708297,9988.88036977,253659.68970279
"234",2017-11-08 00:31:38,810019,810019,810299,1.0623,0.7641,12918.32403068,9979.09717101,253656.61270109
"235",2017-11-08 00:31:39,810000,810000,810299,1.91341889,0.7641,12902.95002994,9981.85817125,253665.61270109
"236",2017-11-08 00:31:40,810000,810010,810241,0.01,0.59820084,12912.91652944,9977.1277729,253668.84495077
"237",2017-11-08 00:31:42,810026,810000,810240,0.33691889,0.9278,12925.0875314,9981.64707428,253659.18830077
"238",2017-11-08 00:31:43,809898,809899,810240,0.24,0.9278,12922.3275314,9981.24707428,253662.48500213
"239",2017-11-08 00:31:44,810204,810094,810204,0.01,0.3197,12912.85361251,9982.02697512,253662.58810213
"240",2017-11-08 00:31:45,809837,809837,810204,2.304,0.3197,12911.91361153,9983.08697512,253665.07703213
"241",2017-11-08 00:31:46,810203,809837,810202,2.204,0.2,12904.59361178,9985.53254601,253664.83870785
"242",2017-11-08 00:31:47,810203,810045,810199,0.01,0.005,12909.30141203,10006.87854625,253665.35870785
"243",2017-11-08 00:31:48,809902,809902,810199,1.32539916,0.005,12911.04901021,10008.06317181,253665.84770785
"244",2017-11-08 00:31:49,810204,809903,810198,1.0085,0.06,12912.32391119,10007.80017477,253665.21970785
"245",2017-11-08 00:31:50,810198,809903,810198,1.0085,0.04,12912.83361126,9996.63394481,253663.93970785
"246",2017-11-08 00:31:51,810198,809904,810198,0.39179916,0.04,12917.42541017,10004.78004481,253663.93970785
"247",2017-11-08 00:31:52,810300,809904,810202,0.60000074,0.7653,12913.83941175,10014.05994481,253664.50343478
"248",2017-11-08 00:31:53,810300,809905,810202,1.11,1.0053,12917.92341175,10014.29994481,253662.49038478
"249",2017-11-08 00:31:54,810300,810078,810297,0.01,0.24,12913.45271175,10019.85864357,253667.39208219
"250",2017-11-08 00:31:55,810297,810078,810297,0.004,0.23,12918.48011249,10009.73727195,253667.4033006
"251",2017-11-08 00:31:56,810688,810199,810688,0.00479884,0.29696056,12919.78281083,9986.77494357,253660.2170006
"252",2017-11-08 00:31:57,810194,810194,810687,0.43979884,7,12920.32591108,10004.39357269,253651.1458006
"253",2017-11-08 00:31:58,810687,810194,810260,0.42879884,0.12290084,13011.63881108,9994.28034416,253641.1798006
"254",2017-11-08 00:31:59,810260,810195,810278,1.014,0.002,13010.17491084,9988.92597269,253641.09163144
"255",2017-11-08 00:32:01,810998,810196,810998,0.65,0.38,13016.06091084,9995.15351089,253660.86058144
"256",2017-11-08 00:32:02,810999,810400,810999,0.02,0.46752888,13004.4185086,9991.05351015,253662.20358144
"257",2017-11-08 00:32:03,810999,810401,810999,0.177,3.14753161,13013.90850909,9993.73451298,253662.85358144
"258",2017-11-08 00:32:04,810998,810401,810997,0.06,1.08,13016.17770835,9989.58774285,253670.95269144
"259",2017-11-08 00:32:05,810997,810401,810641,0.06,0.01,13018.95886711,9987.80611446,253660.89269144
"260",2017-11-08 00:32:06,810100,810100,810641,4.66755658,0.01,13015.15986785,9993.89641619,253661.49269144
"261",2017-11-08 00:32:07,810629,810400,810496,0.02,0.01,13016.76986785,9988.21004408,253661.53269144
"262",2017-11-08 00:32:08,810629,810400,810496,0.02,0.01,13002.04346686,9990.51737123,253651.53269144
"263",2017-11-08 00:32:09,810075,810200,810423,3,0.01,13024.46456809,10020.80924408,253653.75964144
"264",2017-11-08 00:32:10,810075,810200,810423,3,0.01,13024.46456809,10020.80924309,253653.75964144
"265",2017-11-08 00:32:11,810075,810201,810422,0.32,0.21862838,12934.45466809,10028.08087296,253642.43763878
"266",2017-11-08 00:32:12,810499,810201,810400,0.325,0.05,12935.67066858,10027.37224383,253643.26196381
"267",2017-11-08 00:32:13,810500,810202,810421,1.04,1.3697,12930.68256809,10034.04784458,253644.2756027
"268",2017-11-08 00:32:14,810202,810202,810420,0.16137162,0.32,12965.88563253,10039.79044408,253645.26100245
"269",2017-11-08 00:32:15,810000,809878,810000,0.002,1.736,12972.34520311,10043.57344408,253648.03100245
"270",2017-11-08 00:32:16,809838,809838,810000,2.34200074,0.13312841,13012.77620213,10038.43894312,253647.78677404
"271",2017-11-08 00:32:17,809838,809837,809838,1.89407233,9.4,12967.88807372,10058.1781421,253649.46990245
"272",2017-11-08 00:32:19,809701,809701,809838,10.47969501,9.39,12973.75800431,10068.41191535,253651.81127459
"273",2017-11-08 00:32:20,809530,809531,809837,0.60000049,7.30477242,12960.75800308,10057.44508703,253660.91880331
"274",2017-11-08 00:32:21,809531,809530,809836,0.71519326,0.12,12969.45800308,10043.97825439,253666.40880331
"275",2017-11-08 00:32:22,809331,809331,809837,2.09619424,5.21277242,12960.38292528,10032.92325439,253672.03680331
"276",2017-11-08 00:32:23,809836,809332,809574,0.14,0.03,12964.10873177,10001.13448048,253671.43634994
"277",2017-11-08 00:32:24,809532,809532,810000,0.3672,0.627,12968.90730315,10014.71048591,253667.64029036
"278",2017-11-08 00:32:25,809332,809332,809777,1.141,1.44,12965.58353122,10013.19158295,253641.86929036
"279",2017-11-08 00:32:26,809332,809533,809777,0.9574,1.44,12951.22130284,10015.82518345,253641.75337917
"280",2017-11-08 00:32:27,809332,809281,809776,0.16,0.6,12938.85183122,10039.12098345,253626.16522917
"281",2017-11-08 00:32:28,809680,809534,809776,0.9741,0.6,12942.22593196,10038.82590689,253616.17122917
"282",2017-11-08 00:32:29,809680,809535,809776,0.974,0.6,12938.46583269,10039.12820834,253615.99379836
"283",2017-11-08 00:32:30,809535,809680,809777,0.01,0.44492369,12949.55683245,10030.59803739,253616.23089836
"284",2017-11-08 00:32:31,809332,809537,809777,0.6,0.44492369,12897.24243245,10041.29393814,253666.59825181
"285",2017-11-08 00:32:32,809168,809000,809168,24.02389969,3.504,12899.60573294,10040.50633814,253664.71613885
"286",2017-11-08 00:32:33,809000,809000,809167,24.00889969,0.6,12900.91073146,10038.52605808,253659.27159124
"287",2017-11-08 00:32:34,809167,809010,809167,3,0.59519996,12908.19783318,10044.1009285,253662.3022935
"288",2017-11-08 00:32:35,809167,809011,809167,0.00480004,0.34519996,12907.89263322,10030.02092626,253650.65822143
"289",2017-11-08 00:32:36,809010,809010,809168,2.32480004,2.93892198,12908.10853322,10052.66792776,253650.48711392
"290",2017-11-08 00:32:37,809010,809011,809168,0.28,2.90892198,12917.03083396,10042.33792701,253647.04991487
"291",2017-11-08 00:32:38,809010,809011,809167,0.28,3.5,12909.33083273,10031.23792775,253642.9459144
"292",2017-11-08 00:32:40,808901,808901,809167,1.28599973,3.4248,12882.10183322,10031.3437288,253665.15381445
"293",2017-11-08 00:32:41,809168,808902,809168,1.03,0.30872198,12888.13033248,10029.03872979,253665.0391968
"294",2017-11-08 00:32:42,808890,808902,809168,0.0546,0.30872198,12876.68413146,10017.03972865,253671.4391968
"295",2017-11-08 00:32:43,808622,808601,808622,0.60000049,0.85294882,12857.58708102,10019.61267772,253694.58624798
"296",2017-11-08 00:32:44,809167,809167,809661,3.14335118,0.47572198,12859.5180001,10027.03472915,253703.38539952
"297",2017-11-08 00:32:45,809167,809167,809550,1.45255118,0.04720074,12862.54951148,10029.63089842,253707.21835002
"298",2017-11-08 00:32:46,808902,808622,808902,0.8288,0.04216882,12860.0229603,10037.88919846,253710.87791135
"299",2017-11-08 00:32:47,809168,809168,809549,0.71771025,0.3987,12860.23181644,10030.15970367,253712.37090017
"300",2017-11-08 00:32:48,809168,809168,809609,0.42771025,0.20579503,12862.36281717,10040.66560342,253709.21090017
"301",2017-11-08 00:32:49,809168,809169,809548,1.82939025,1.0354,12868.87649496,10046.58240342,253709.86572017
"302",2017-11-08 00:32:50,809169,808968,809166,0.002,5.31351059,12871.96710544,10044.03591376,253710.59511042
"303",2017-11-08 00:32:52,809165,808802,809164,0.1368,1.8631,12874.46690545,10046.18810203,253703.22924118
"304",2017-11-08 00:32:53,809165,808902,809000,0.03,1.2,12877.1519052,10037.51810153,253702.90020828
"305",2017-11-08 00:32:56,808999,808803,808999,0.465,0.13350073,12897.42829583,10047.34470425,253696.72454009
"306",2017-11-08 00:32:57,808999,808803,808999,0.6342,0.11350073,12897.82079583,10054.53470425,253693.54349009
"307",2017-11-08 00:32:58,808999,808804,808999,0.6492,0.01350073,12879.12679632,10062.38220475,253692.61038021
"308",2017-11-08 00:32:59,809100,808999,809100,0.01,2.74420073,12871.56579559,10040.69820301,253695.79038021
"309",2017-11-08 00:33:02,809442,809222,809442,1.36619918,0.1474,12911.5367955,10039.69340353,253689.22358094
"310",2017-11-08 00:33:03,809799,809222,809799,1.36619918,5.03319727,12911.5367955,10037.49340353,253690.30158198
"311",2017-11-08 00:33:04,809443,809333,809443,0.23,0.95500099,12914.67838754,10040.45837291,253685.29343198
"312",2017-11-08 00:33:05,809780,809224,809442,2.02648941,0.73,12910.72918754,10039.63257316,253678.20186198
"313",2017-11-08 00:33:06,809779,809224,809779,3.28728941,3.34,12902.80918803,10035.76347192,253677.72186198
"314",2017-11-08 00:33:07,809778,809335,809777,0.436,0.28,12926.9086996,10044.01257391,253662.21526198
"315",2017-11-08 00:33:08,809335,809335,809777,0.406,7,12926.3125014,10040.19257242,253641.91526198
"316",2017-11-08 00:33:09,809800,809336,809442,1.3808,0.16,12899.80250017,10034.80767713,253643.12536198
"317",2017-11-08 00:33:10,809590,809590,809767,0.09,3,12898.94889997,10030.3744759,253632.45323755
"318",2017-11-08 00:33:11,809590,809442,809766,0.16,0.31,13015.82809899,10030.58147536,253632.94218827
"319",2017-11-08 00:33:12,809336,809336,809767,2.46619918,1.7,13019.12609773,10035.5344747,253630.47492328
"320",2017-11-08 00:33:13,809767,809767,809777,9.989,2.70000125,13032.52889904,10036.87347426,253635.48468973
"321",2017-11-08 00:33:14,809898,809767,809898,9.20618,2.30000125,13031.11007904,10031.82680504,253646.95750973
"322",2017-11-08 00:33:15,809768,809768,809898,0.37850003,0.30000125,13023.73417834,10067.57180554,253650.05792971
"323",2017-11-08 00:33:16,810000,809768,810000,2.27010003,1.10300125,13027.40057883,10074.7541831,253651.40792971
"324",2017-11-08 00:33:17,809767,809773,809808,0.005,0.01,13032.20117784,10059.62448509,253658.73794069
"325",2017-11-08 00:33:19,810250,810250,810334,12.4361,0.62080496,13051.85347885,10028.8381861,253662.36625049
"326",2017-11-08 00:33:20,810250,810250,810449,4.4361,0.07363571,13041.17057787,10027.8081861,253665.69625049
"327",2017-11-08 00:33:21,810250,810250,810450,3.79269982,9.78,13009.22327666,10070.15362435,253666.30616345
"328",2017-11-08 00:33:22,810250,810251,810333,0.22149997,0.9779,13050.29222562,10063.23452311,253668.91333325
"329",2017-11-08 00:33:23,810251,810251,810333,0.94019504,0.60000025,13066.24892069,10023.55775015,253669.94333325
"330",2017-11-08 00:33:24,810448,810251,810255,1.00019504,0.00479974,13031.78117359,10015.59365237,253676.00243325
"331",2017-11-08 00:33:26,810255,809772,810255,1.3462,2.7195207,13042.5265735,9990.30637302,253654.86638278
"332",2017-11-08 00:33:27,810252,809773,810252,1.20000049,0.97,13026.7410728,9991.29637302,253649.22638278
"333",2017-11-08 00:33:28,810176,809773,810175,4.40019651,7,13031.39607351,9987.36467182,253598.60552962
"334",2017-11-08 00:33:29,810176,809774,810175,1.4059,7,13031.11827354,9988.44867182,253581.86867125
"335",2017-11-08 00:33:30,810000,810000,810175,0.6,6.96,13047.32057473,9996.69017179,253569.63967007
"336",2017-11-08 00:33:31,810000,810001,810174,0.6,0.8932,13053.87877421,9983.98707303,253550.09974963
"337",2017-11-08 00:33:32,810000,810000,810175,9.836,6.465,13052.21457991,9982.01287303,253536.96374963
"338",2017-11-08 00:33:33,810000,810001,810174,0.14369507,0.4871,13043.38957376,9984.37827278,253531.88567007
"339",2017-11-08 00:33:34,810001,810001,810175,0.13369507,6.485,13046.81267425,9988.05927303,253522.34416935
"340",2017-11-08 00:33:35,810000,810000,810171,1.28619504,7,13034.02247422,9988.48137154,253530.51916862
"341",2017-11-08 00:33:36,810171,810011,810172,0.22149997,0.6,12937.96397443,9975.29914301,253531.99066506
"342",2017-11-08 00:33:37,810174,810011,810175,0.20349997,0.02,12940.55097344,9975.07304405,253527.27388044
"343",2017-11-08 00:33:38,809888,809888,810171,0.19869501,0.4624,12927.20947397,9972.8354453,253527.77283044
"344",2017-11-08 00:33:39,809888,809888,810000,0.19869501,1,12934.80747407,9973.6354453,253520.23006224
"345",2017-11-08 00:33:40,809889,809888,810000,0.19869501,1,12934.79847407,9973.6254453,253518.69420449
"346",2017-11-08 00:33:42,809889,809944,809995,0.042,0.01200139,12926.89425619,9980.70954798,253504.7592998
"347",2017-11-08 00:33:43,809779,809779,809995,0.89469024,0.02400278,12923.06525118,9978.55355041,253504.5446098
"348",2017-11-08 00:33:44,809779,809779,809888,0.49469024,0.2205,12924.73885044,9979.03955041,253505.08152659
"349",2017-11-08 00:33:45,809888,809888,809997,0.06772,7.06,12936.19387093,9981.23727516,253505.35662659
"350",2017-11-08 00:33:46,809888,809779,809888,0.49469024,0.93228,12936.84148918,9983.38832922,253504.70244731
"351",2017-11-08 00:33:47,809888,809770,809888,0.6,0.06420215,12927.45739845,9981.26453161,253505.40382516
"352",2017-11-08 00:33:48,809888,809730,809996,0.001,0.7509,12927.76249845,9989.41400023,253502.47582474
"353",2017-11-08 00:33:49,809227,809700,809996,0.5,0.7509,12920.46249796,9986.6039311,253506.42582474
"354",2017-11-08 00:33:50,809700,809771,809772,0.9982,0.498,12929.4991773,9993.58495913,253506.40582474
"355",2017-11-08 00:33:51,809881,809701,809771,7,0.9982,12946.5886773,9986.39923259,253505.40582474
"356",2017-11-08 00:33:52,809701,809701,809771,2,0.9982,12940.22867779,9991.39923259,253507.45272919
"357",2017-11-08 00:33:53,809701,809701,809880,2,1.0054,12940.42867779,10001.15865988,253507.45067919
"358",2017-11-08 00:33:54,809855,809855,809879,0.162,0.6,12935.20697656,10001.74465939,253506.59067919
"359",2017-11-08 00:33:57,809877,809855,809877,0.162,7,12933.3472773,10008.96136073,253502.9068034
"360",2017-11-08 00:33:58,809855,809855,809877,0.062,6.98765,12915.89627681,9993.88178319,253502.0191534
"361",2017-11-08 00:33:59,809855,809855,809996,0.072,7,12925.6966773,9993.97635948,253501.99542461
"362",2017-11-08 00:34:00,809855,809855,809856,0.072,0.97,12913.39667656,9995.36413269,253501.98442461
"363",2017-11-08 00:34:01,809856,809772,809856,0.00179926,0.96850093,12925.61977679,9999.90153287,253502.13002368
"364",2017-11-08 00:34:02,809856,809772,809854,0.00179926,7,12934.5540763,9999.33163362,253502.12002368
"365",2017-11-08 00:34:03,809856,809772,809854,0.00179926,7,12915.33407532,9998.41386041,253495.40397321
"366",2017-11-08 00:34:04,809856,809772,809854,0.00179926,7,12905.54737532,9999.63163412,253490.28397321
"367",2017-11-08 00:34:05,809772,809701,809772,0.68,0.49820074,12903.09547582,10007.10476043,253487.72577247
"368",2017-11-08 00:34:06,809772,809702,809772,0.8689,0.49820074,12905.5088768,10017.90293056,253471.87891198
"369",2017-11-08 00:34:09,809339,809340,809505,0.96,0.08,12888.96118093,10015.39175987,253491.58282278
"370",2017-11-08 00:34:10,809342,809201,809505,2.40000074,0.08,12889.86118167,10020.36976104,253494.61182278
"371",2017-11-08 00:34:11,808410,808410,809505,26.82374405,0.08,12857.96118265,10028.29376104,253533.03077278
"372",2017-11-08 00:34:12,809558,809558,809561,0.50411889,0.442,12861.21611102,10030.63118465,253525.40557064
"373",2017-11-08 00:34:13,808900,808600,808662,0.14,0.03,12863.37992189,10024.72166354,253526.92792312
"374",2017-11-08 00:34:14,808900,808718,808900,0.78282,3.12928076,12877.88274189,10039.09926531,253526.58692312
"375",2017-11-08 00:34:15,808900,808867,808899,0.03,3.06760092,12865.51384165,10047.63606361,253526.46792312
"376",2017-11-08 00:34:16,808899,808867,808899,0.03,0.66760018,12870.57384336,10046.85406237,253528.71792386
"377",2017-11-08 00:34:17,808899,808867,808898,0.03,7,12871.76284336,10055.7266805,253528.80380386
"378",2017-11-08 00:34:18,808867,808834,808894,0.01,0.005,12885.87374484,10034.19257914,253528.78380386
"379",2017-11-08 00:34:19,808897,808834,808897,0.01,0.596,12883.5841441,10036.60478088,253528.39280362
"380",2017-11-08 00:34:20,808897,808834,809238,0.01,7,12882.6915441,10027.33718188,253526.38900458
"381",2017-11-08 00:34:22,808890,808500,808889,2.35182,7,12894.35154262,10027.40930238,253533.97736458
"382",2017-11-08 00:34:23,808890,808720,808889,0.004,7,12891.88554238,10025.56930213,253533.91736458
"383",2017-11-08 00:34:24,808834,808834,808889,2.5,7,12885.63294189,10019.94930213,253514.85196458
"384",2017-11-08 00:34:25,808889,808834,808889,2.5,3.19800092,12895.31294288,10010.10030131,253514.41036366
"385",2017-11-08 00:34:26,808410,808835,808889,0.254,3.19800092,12884.3122446,9997.34120081,253521.63715837
"386",2017-11-08 00:34:27,808410,808410,808411,13.86026503,0.10920086,12879.69624583,10009.45240125,253527.02770751
"387",2017-11-08 00:34:29,808518,808660,808700,0.001,1,12886.11130512,10015.75959914,253568.82509009
"388",2017-11-08 00:34:30,808518,808518,808850,0.62512918,0.02,12913.74830512,10016.47359939,253570.00637268
"389",2017-11-08 00:34:31,808000,808318,808409,0.002,2.0414,12866.66490412,10072.06660113,253576.5098809
"390",2017-11-08 00:34:32,808450,808524,808584,2.0614,0.529,12837.74977568,10081.17520287,253578.77543949
"391",2017-11-08 00:34:33,808584,808524,808718,1.8964,0.002,12796.30537667,10061.62820188,253575.27852981
"392",2017-11-08 00:34:34,808524,808524,808699,0.8949,0.6,12799.38097667,10045.66019978,253576.68701151
"393",2017-11-08 00:34:35,808849,808225,808849,0.53317056,6.5321,12796.04677617,10098.89690152,253583.43552531
"394",2017-11-08 00:34:36,808226,808226,808698,1.04,0.0227,12824.82077641,10078.61060182,253583.95492531
"395",2017-11-08 00:34:37,808698,808306,808698,0.2,0.0127,12740.96160585,10123.25560232,253587.55317531
"396",2017-11-08 00:34:38,808306,808227,808840,1.2,0.2,12721.87455738,10128.19030243,253582.80055023
"397",2017-11-08 00:34:39,808226,808400,808675,0.02,0.102,12719.47095861,10124.40960192,253580.56842938
"398",2017-11-08 00:34:40,808306,808446,808675,0.00149997,0.102,12798.58585834,10110.99470142,253582.53664508
"399",2017-11-08 00:34:41,808001,808001,808226,5.7843,0.4953,12848.28115784,10089.08100489,253593.00494508
"400",2017-11-08 00:34:42,808225,808002,808225,0.32,0.04,12903.04315808,10100.51670539,253594.05764508
"401",2017-11-08 00:34:43,808840,808002,808840,0.32,0.1497,12900.42885808,10079.55630589,253596.92354508
"402",2017-11-08 00:34:44,808405,808002,808224,1.3133,0.3149,12898.2214571,10084.44420146,253601.27724827
"403",2017-11-08 00:34:45,808004,808004,808847,2.8811,0.64,12953.18255784,10079.70260241,253605.42127282
"404",2017-11-08 00:34:46,808005,808327,808846,0.3149,0.1033,12858.87705709,10046.4719034,253607.33127282
"405",2017-11-08 00:34:47,808327,808327,808825,0.1149,0.07,12837.07105709,10044.4419034,253607.75987282
"406",2017-11-08 00:34:48,808005,808006,808731,0.6611,0.503,12868.16955709,10060.7937034,253609.65787354
"407",2017-11-08 00:34:49,808731,808000,808730,5.41392915,0.1033,12946.51235709,10062.91170415,253614.61787728
"408",2017-11-08 00:34:50,808007,808007,808730,0.563,0.1033,12954.80035734,10047.62170216,253617.86904783
"409",2017-11-08 00:34:51,808000,807990,808000,0.19283001,3.46306986,12892.54942721,10019.30917216,253627.04987423
"410",2017-11-08 00:34:52,808000,808009,808427,3.32000123,0.01,12951.58142869,10011.4026023,253629.96515023
"411",2017-11-08 00:34:53,807930,808010,808846,2.4,2.953,12965.69432918,10014.80570305,253638.76315023
"412",2017-11-08 00:34:54,808006,807930,808006,0.27383173,0.90220082,12954.58230046,10028.34039201,253643.64194941
"413",2017-11-08 00:34:55,808729,808453,808729,0.01,0.8662,12956.28711885,10017.90435236,253644.74080021
"414",2017-11-08 00:34:56,808005,808396,808799,3.5020492,0.19377582,12971.04611909,10013.03815161,253651.69080021
"415",2017-11-08 00:34:57,808728,808396,808728,2.0539492,0.43,12991.91385102,10024.95915387,253654.25900021
"416",2017-11-08 00:34:58,808396,808397,808726,0.159,0.26,12991.54965333,10031.53604125,253654.83900021
"417",2017-11-08 00:34:59,808155,808155,808396,4.5879492,0.7315,12991.94965432,10030.15654125,253656.83900021
"418",2017-11-08 00:35:00,808206,808155,808396,4.3879492,0.7315,13106.95965309,10025.68874677,253657.04100021
"419",2017-11-08 00:35:01,808155,808450,808724,0.07,4.84297398,13113.15185407,10029.23922,253659.23166402
"420",2017-11-08 00:35:02,808698,808005,808698,1.35584845,0.53920084,13112.02035407,10033.05882213,253662.24438318
"421",2017-11-08 00:35:03,808003,808156,808697,0.3,1.08,13100.02035358,10028.6654499,253665.24438318
"422",2017-11-08 00:35:04,808888,808156,808695,0.3,4.24297398,13106.28035407,10019.02272339,253674.7959355
"423",2017-11-08 00:35:05,808696,808200,808696,0.8,0.4,13090.67115408,10006.23172339,253684.02131034
"424",2017-11-08 00:35:06,808201,808201,808695,0.5621,0.4378,13108.29265408,10006.77952339,253684.86086409
"425",2017-11-08 00:35:07,809010,808222,809010,1,68.27665436,13120.77365481,10002.07412438,253695.34086409
"426",2017-11-08 00:35:08,809009,808400,808796,0.02,0.8000005,12996.96545308,10001.09072513,253695.37086409
"427",2017-11-08 00:35:09,809010,808400,809008,0.02,0.6074,13007.19235308,9989.07312513,253705.48586409
"428",2017-11-08 00:35:10,809010,809003,809010,6,52.30565636,13016.32485308,9977.47312638,253715.08486409
"429",2017-11-08 00:35:11,809003,809003,809008,4.1179995,0.071,13008.14005184,9947.20427362,253738.63686459
"430",2017-11-08 00:35:12,809040,809004,809040,0.86,3.70785636,13013.70105293,9899.4342751,253768.97586459
"431",2017-11-08 00:35:14,809040,809040,809320,4.5587,2.52485933,13023.81475144,9890.61527585,253792.00400367
"432",2017-11-08 00:35:15,809100,809200,809320,10.67105276,2.52485933,13044.98350346,9903.01527635,253790.75546737
"433",2017-11-08 00:35:16,809200,809200,809319,10.48395276,1.4,13098.23540543,9894.41527759,253799.54656737
"434",2017-11-08 00:35:17,809319,809200,809319,6.48295276,0.159,13068.01140543,9893.67427834,253803.62156737
"435",2017-11-08 00:35:19,809319,809319,809598,5.75998,0.29,13046.15458789,9900.79397727,253807.41488185
"436",2017-11-08 00:35:20,809599,809599,809621,2.82024067,0.03,13050.02782832,9919.50917193,253808.53964118
"437",2017-11-08 00:35:21,809599,809599,809650,2.29024067,0.00800062,13031.1742811,9913.27817214,253810.74651673
"438",2017-11-08 00:35:22,809799,809599,809799,2.26634067,24.81694786,13026.37539036,9898.73906341,253821.44146949
"439",2017-11-08 00:35:23,809600,809600,809798,0.45249063,0.129,13000.26189969,9887.26548929,253837.50975656
"440",2017-11-08 00:35:24,809489,809458,809489,0.108,1.38509013,13008.11436815,9907.08998092,253840.60538933
"441",2017-11-08 00:35:25,809487,809458,809487,0.108,0.1,13002.67736766,9932.16833146,253839.79493053
"442",2017-11-08 00:35:26,809489,809320,809599,0.4,0.1552,13006.78036766,9946.41399079,253841.9722712
"443",2017-11-08 00:35:27,809621,809584,809621,0.69,2.961,12985.51816141,9962.75679109,253820.36303053
"444",2017-11-08 00:35:28,809621,809584,809621,0.59,1.961,12967.2001619,9964.47079109,253820.73797762
"445",2017-11-08 00:35:29,809621,809585,809621,0.6,1.261,12971.53136116,9970.34379036,253821.20137762
"446",2017-11-08 00:35:30,809000,809001,809318,1.20000098,0.8788,12967.19016288,9968.77058986,253808.73991805
"447",2017-11-08 00:35:31,809201,809201,809500,0.56402,11,12975.64718347,9953.05478887,253792.01871805
"448",2017-11-08 00:35:32,809500,809322,809499,0.4,0.6,12990.95216273,9932.92619295,253778.23878524
"449",2017-11-08 00:35:33,809322,809322,809499,0.28280025,0.6,13000.28696372,9927.63519295,253766.33598499
"450",2017-11-08 00:35:35,809003,809004,809143,1.20000024,0.01,13024.56535235,9925.81676884,253761.29565015
"451",2017-11-08 00:35:36,809001,809001,809143,1.93900024,0.01,13016.70075137,9934.35459144,253757.54399619
"452",2017-11-08 00:35:37,809000,808999,809000,0.4,12.78919951,13011.0794697,9946.95378922,253761.35877759
"453",2017-11-08 00:35:38,809000,808999,809000,0.4,12.17919927,13009.98356946,9957.3724893,253760.59777783
"454",2017-11-08 00:35:39,809000,808999,809000,0.7524,9.37919903,13011.95827044,9955.18119788,253759.58770807
"455",2017-11-08 00:35:40,809000,808999,809000,0.6524,9.36919903,13016.82307093,9957.76599962,253755.53680807
"456",2017-11-08 00:35:41,809143,808412,809212,7.76922126,0.1,12985.11627178,9944.9428857,253764.60325567
"457",2017-11-08 00:35:42,808416,808415,809000,1.9565,20,12976.30355052,9967.33533786,253760.45180361
"458",2017-11-08 00:35:43,808416,808417,809000,5.40000049,20,12977.64705175,9942.64533786,253711.91350314
"459",2017-11-08 00:35:44,808999,808837,808888,0.01,1,12981.1870515,9939.24633801,253710.37250314
"460",2017-11-08 00:35:45,808888,808837,808888,0.01,0.98,12992.29705322,9928.30835726,253701.52151262
"461",2017-11-08 00:35:46,809000,808733,809000,0.01,19.97,12986.93185322,9928.33315726,253698.48151262
"462",2017-11-08 00:35:47,808419,808535,809000,0.528,19.97,12975.85575001,9927.09726216,253688.5716546
"463",2017-11-08 00:35:48,808419,808891,808995,0.01,0.005,12988.8537505,9930.41226365,253681.15315408
"464",2017-11-08 00:35:49,808419,808891,808995,0.01,0.005,12998.11585199,9930.47226415,253678.06557835
"465",2017-11-08 00:35:52,808891,808558,809000,0.6,8.885,12995.17145322,9906.5862639,253675.53157835
"466",2017-11-08 00:35:53,809000,808560,809000,0.54,7.923,12999.38675298,9907.01976354,253668.21998867
"467",2017-11-08 00:35:54,809000,808891,809000,0.01,7.923,13001.27575298,9908.02076504,253658.50518839
"468",2017-11-08 00:35:55,809000,808667,809000,1.99,5.923,12995.84085224,9916.42876504,253659.18308673
"469",2017-11-08 00:35:56,809000,808667,808857,1.99,0.01,12935.9737515,9857.0232643,253654.58138631
"470",2017-11-08 00:35:57,808667,808668,808857,0.6,0.01,12913.82374978,9860.81546405,253649.70057907
"471",2017-11-08 00:35:58,808857,808672,808999,0.005,0.0586,12912.31415126,9826.17286405,253647.68952907
"472",2017-11-08 00:35:59,808670,808670,808999,0.59,0.0586,12912.80715126,9885.46436405,253647.70239328
"473",2017-11-08 00:36:00,809000,808671,809000,3.1706,5.1816,12860.02345126,9897.87036405,253647.49139328
"474",2017-11-08 00:36:01,809000,808800,809000,0.002,5.61758,12851.68145076,9886.37634405,253633.64233527
"475",2017-11-08 00:36:02,808800,808673,809000,0.6,5.61758,12855.351451,9897.83044505,253628.75713527
"476",2017-11-08 00:36:03,808800,808857,809000,0.00179886,5.61758,12860.31305094,9898.91824535,253625.69531697
"477",2017-11-08 00:36:04,809000,809010,809090,34.37242,0.06,12896.72577094,9890.61946535,253630.39192674
"478",2017-11-08 00:36:05,809010,809010,809200,29.36242,0.002,12896.20236996,9891.48246634,253629.37192627
"479",2017-11-08 00:36:06,809011,809011,809200,1.4396,0.002,12887.07537094,9891.28246609,253628.86031726
"480",2017-11-08 00:36:07,809012,809012,809200,1.93809993,0.002,12878.61387063,9891.28246584,253632.78211806
"481",2017-11-08 00:36:08,809010,809011,809080,1.9396,0.01,12868.86737119,9890.89246584,253649.32356846
"482",2017-11-08 00:36:09,809000,808857,809000,0.00179886,4.63638,12859.17935119,9896.69884584,253658.60270554
"483",2017-11-08 00:36:10,809000,808857,809000,0.00179886,7.63638,12876.36935242,9899.68484559,253645.46693846
"484",2017-11-08 00:36:11,808999,808857,808999,0.00179886,1.462,12864.34995129,9901.25684559,253634.41693775
"485",2017-11-08 00:36:14,809248,808919,809248,0.341,2.65763355,12949.56355676,9888.71264559,253624.91848959
"486",2017-11-08 00:36:15,809248,808919,809247,0.341,0.2838,12949.14355676,9888.36881279,253615.39848959
"487",2017-11-08 00:36:16,809248,808920,809247,0.6,0.2838,12933.30165577,9888.36781129,253615.02848959
"488",2017-11-08 00:36:17,809212,808920,809250,0.6,0.02,12933.74695735,9887.08401079,253611.21848864
"489",2017-11-08 00:36:18,808557,808921,809250,1.6091,0.02,12942.61605858,9888.37451079,253609.69093817
"490",2017-11-08 00:36:19,809180,808922,809132,0.6,0.457,12939.74565767,9880.02601029,253615.24993817
"491",2017-11-08 00:36:20,808922,808922,809247,0.589,2,12941.33285767,9885.33531203,253614.18093817
"492",2017-11-08 00:36:21,809247,808715,809247,7,1.51,12942.49665644,9894.99481377,253613.28093817
"493",2017-11-08 00:36:22,809419,808922,809419,1.8098,1.686801,12933.9794562,9892.10881402,253615.64093817
"494",2017-11-08 00:36:23,809419,808716,809246,1.9407,0.0359,12938.8373562,9886.12471402,253615.48613843
"495",2017-11-08 00:36:24,809452,809247,809452,0.3,7.758801,12942.4141562,9881.23971402,253619.28393818
"496",2017-11-08 00:36:26,809000,809000,809242,109.52,0.005,13067.39335669,9889.82591377,253622.42804288
"497",2017-11-08 00:36:27,809000,809239,809418,1.7714,0.611,13058.16815571,9897.37491377,253621.58258758
"498",2017-11-08 00:36:28,809451,809239,809451,1.7614,0.596,13062.36465401,9838.0008178,253675.43949052
"499",2017-11-08 00:36:29,809451,809241,809440,0.43580856,0.1,13060.20362257,9866.50289217,253672.50800052
"500",2017-11-08 00:36:30,810000,809242,809999,0.02,5.40000174,13065.7926209,9851.25989391,253692.24500154
"501",2017-11-08 00:36:31,810000,809752,809808,0.1,0.0848,13059.39482139,9834.12769594,253704.05393154
"502",2017-11-08 00:36:33,809900,809900,809999,1.21518,0.1012,13042.32190223,9783.65909296,253698.74875154
"503",2017-11-08 00:36:35,810000,809901,810000,2.572,3.60322155,13048.71039661,9822.5518947,253694.52168154
"504",2017-11-08 00:36:36,809901,809901,810000,2.262,3.59222155,13041.4773004,9822.5108947,253692.0400466
"505",2017-11-08 00:36:37,810049,810049,810050,7.47,0.02,13057.50529966,9818.88867291,253691.15128743
"506",2017-11-08 00:36:38,810049,810049,810050,7.47,0.02,13056.25989966,9834.27127366,253685.90019537
"507",2017-11-08 00:36:39,810050,810050,810056,0.232,1.002,13046.23289979,9827.08127217,253685.80108082
"508",2017-11-08 00:36:40,810056,810050,810104,0.232,0.03,13028.81469807,9832.87927192,253686.67110058
"509",2017-11-08 00:36:41,810051,810051,810055,1.59690073,0.01,13035.04369427,9838.31927366,253683.97459985
"510",2017-11-08 00:36:42,810163,810051,810163,1.46690073,2.27,12920.85369575,9822.51927291,253688.40459985
"511",2017-11-08 00:36:43,810100,810077,810100,0.113,3.9,12925.49321503,9840.71927365,253687.06372921
"512",2017-11-08 00:36:44,810100,810077,810082,0.113,0.01,12925.92923993,9832.62447191,253686.08922287
"513",2017-11-08 00:36:46,809900,809501,809899,0.6,1.9766,12921.55721274,9848.34745289,253668.39248023
"514",2017-11-08 00:36:47,809900,809501,809600,0.6,0.00179966,12920.78561274,9836.55474753,253668.34143023
"515",2017-11-08 00:36:48,809115,809115,809898,9.0985196,1.8962,12913.16763322,9837.68005334,253677.38322989
"516",2017-11-08 00:36:49,809503,809506,809650,0.005,0.02,12914.4795342,9831.29614881,253681.96122989
"517",2017-11-08 00:36:50,809503,809506,809650,0.005,0.02,12906.2210146,9841.08705186,253679.4555663
"518",2017-11-08 00:36:51,809504,809504,809899,1.80500024,2.953,12910.36241656,9846.27705111,253679.45194277
"519",2017-11-08 00:36:52,809899,809504,809898,1.54500024,1.593,12909.84201656,9840.60705037,253679.92193277
"520",2017-11-08 00:36:53,809899,809506,809897,0.023,0.62,12905.96691064,9851.20504962,253674.11000277
"521",2017-11-08 00:36:54,809897,809509,809897,0.005,1.493,12904.37190868,9850.40605004,253674.21000277
"522",2017-11-08 00:36:55,809897,809509,809896,0.005,0.52,12911.51590966,9848.30605227,253669.97900277
"523",2017-11-08 00:36:56,809897,809509,809896,0.005,1.885,12907.35290991,9858.4980545,253667.75503277
"524",2017-11-08 00:36:57,809506,809697,809896,0.002,0.52,12916.29641039,9844.85305376,253665.02543277
"525",2017-11-08 00:36:58,809335,809335,809895,2.0618,0.6,12916.65721064,9842.17114979,253647.32138277
"526",2017-11-08 00:36:59,809001,809336,809506,3.60000172,0.00179986,12909.42800996,9846.21494686,253647.02404119
"527",2017-11-08 00:37:00,809001,809336,809500,1.20000098,0.3,12918.65800971,9853.16285263,253642.00297119
"528",2017-11-08 00:37:01,809002,809337,809500,0.88,0.3,12914.19670971,9861.51564885,253639.25226409
"529",2017-11-08 00:37:02,809000,809279,809337,0.01,0.88,12911.32670947,9853.01455239,253633.2622651
"530",2017-11-08 00:37:03,809000,809194,809334,0.01,0.6,12925.08940897,9828.94707619,253620.99699921
"531",2017-11-08 00:37:04,809334,809194,809336,0.01,0.6,12926.15140922,9827.47167316,253613.144605
"532",2017-11-08 00:37:05,808799,808801,809329,4.80000024,0.005,12947.78540946,9796.49527669,253625.97467357
"533",2017-11-08 00:37:06,808801,808799,808801,0.03036084,2.28989927,13002.50740922,9815.42643497,253629.37097569
"534",2017-11-08 00:37:07,808799,808558,808799,6.61536108,1.31029902,12997.4634095,9810.72563851,253624.68997594
"535",2017-11-08 00:37:08,808558,808558,808798,3.47386108,0.12800072,12996.7419095,9807.33573421,253620.59571283
"536",2017-11-08 00:37:09,808798,808216,808798,1.20000098,0.02800072,12993.20191048,9806.55073468,253586.69371283
"537",2017-11-08 00:37:10,808559,808559,808619,1.1983,0.03,12976.44201197,9806.77013668,253609.86179157
"538",2017-11-08 00:37:11,808210,808227,808800,0.27,2,12975.57201271,9808.67653596,253615.87979157
"539",2017-11-08 00:37:12,808210,808538,808798,0.01,7.6,13002.27201395,9805.21653644,253617.29267157
"540",2017-11-08 00:37:13,808210,808538,808798,0.01,7.6,13002.27201395,9805.21653644,253617.28267157
"541",2017-11-08 00:37:14,808210,808538,808560,0.01,1.2,13002.80201345,9809.07273888,253612.01385362
"542",2017-11-08 00:37:15,808538,808227,808559,0.32,0.6,13003.04101315,9775.43273888,253608.44879338
"543",2017-11-08 00:37:16,808481,808227,808481,0.8904,6.99,12996.8528134,9793.59733802,253608.83960245
"544",2017-11-08 00:37:17,808227,808227,808480,0.6304,0.6,13010.77411928,9798.21453851,253599.13785245
"545",2017-11-08 00:37:18,808480,808379,808479,0.01,1.9843,13002.68371879,9802.17601861,253597.15867267
"546",2017-11-08 00:37:19,808480,808481,808482,4.4,0.341,13016.6037183,9786.20753589,253603.89877267
"547",2017-11-08 00:37:20,808481,808481,808482,4.04,0.341,13011.74871682,9797.2983356,253600.51977267
"548",2017-11-08 00:37:21,808481,808481,808800,4.8131049,3,13009.27592172,9806.54943536,253596.29877267
"549",2017-11-08 00:37:22,808210,808210,808799,0.85416771,0.60000075,12994.73002172,9811.96343784,253609.70830698
"550",2017-11-08 00:37:23,808154,808153,808154,0.7,3.58383229,12991.74685425,9827.0269695,253605.16327305
"551",2017-11-08 00:37:24,808154,808149,808154,0.08,1.94083332,12987.16585425,9813.63796632,253604.5252013
"552",2017-11-08 00:37:25,808154,808153,808154,0.45,0.13183332,12989.26175083,9811.86266735,253605.1324013
"553",2017-11-08 00:37:26,808099,808099,808597,0.72326668,0.05,12981.68061603,9817.49803626,253602.47023774
"554",2017-11-08 00:37:27,808099,808099,808480,0.22326668,0.6,12979.58061627,9818.81913403,253600.96010834
"555",2017-11-08 00:37:28,808099,808099,808480,0.22326668,3.2772,12993.88061676,9818.45223508,253596.05810834
"556",2017-11-08 00:37:29,808099,808099,808153,0.22326668,0.06999878,12991.16061627,9809.8932341,253595.49703834
"557",2017-11-08 00:37:30,808099,808100,808153,0.9427,0.06999878,13009.32331651,9802.81213385,253595.28310738
"558",2017-11-08 00:37:31,808100,808100,808153,0.0968,0.01999878,13008.73831651,9787.97453274,253594.93130738
"559",2017-11-08 00:37:32,808099,808008,808153,0.7943,0.01279963,13010.76015007,9777.45443425,253589.7702096
"560",2017-11-08 00:37:33,808400,808009,808400,0.24,0.41279963,13010.95305007,9786.975035,253588.68308936
"561",2017-11-08 00:37:34,808400,808009,808399,0.08,0.6,13012.50104983,9786.78483525,253588.07308888
"562",2017-11-08 00:37:35,808400,808154,808399,0.00179916,1.8056,13010.082849,9783.18483451,253587.56608888
"563",2017-11-08 00:37:39,808399,808399,808400,1.58158,0.41279963,13019.22912995,9771.51317131,253583.58625696
"564",2017-11-08 00:37:40,808397,808009,808397,0.08,0.81279963,13012.56342922,9766.83417106,253588.24905696
"565",2017-11-08 00:37:41,808397,808156,808397,0.6,0.81279963,13010.34855079,9783.4162733,253577.75130792
"566",2017-11-08 00:37:42,808397,808156,808399,0.6,0.3211,13006.40255079,9788.28447286,253576.74980875
"567",2017-11-08 00:37:43,808480,808006,808481,1.6788,2,12996.15744857,9775.85813405,253578.37875875
"568",2017-11-08 00:37:44,808480,808397,808475,0.00179986,0.005,13018.63204917,9783.81413659,253578.87875875
"569",2017-11-08 00:37:45,808397,808176,808397,5.50179926,0.07690014,13022.47874931,9773.68853673,253578.88055861
"570",2017-11-08 00:37:46,808397,808177,808479,2.7796,0.0683,13017.68154966,9770.8839356,253573.98516841
"571",2017-11-08 00:37:47,808397,808177,808479,2.1796,0.0683,13018.68154966,9770.8839356,253573.98409841
"572",2017-11-08 00:37:48,808397,808178,808200,0.6,0.01,13020.26195015,9779.49393435,253573.97409841
"573",2017-11-08 00:37:49,808500,808353,808500,0.01,9.4983,13025.25395114,9774.35393534,253574.97409841
"574",2017-11-08 00:37:50,808500,808353,808400,0.01,0.8,13017.6806504,9776.02893509,253573.47304841
"575",2017-11-08 00:37:51,808597,808353,808499,0.01,0.0166,13017.68065015,9774.5335341,253584.17304841
"576",2017-11-08 00:37:52,808480,808480,808597,0.48850033,0.1753,13010.3391495,9780.9769341,253592.13454808
"577",2017-11-08 00:37:53,808181,808181,808596,0.8477266,0.5596,13014.19337543,9782.03453364,253593.15812181
"578",2017-11-08 00:37:54,808595,808198,808595,7,0.54,13030.53754883,9781.15393376,253590.94422013
"579",2017-11-08 00:37:55,808595,808198,808593,7,0.28,13030.53754883,9781.43393376,253590.94422013
"580",2017-11-08 00:37:56,809232,809232,809250,0.92259938,0.02,13038.12194866,9777.96263418,253591.02137001
"581",2017-11-08 00:37:57,808191,808200,808593,0.32,0.34090054,13028.77584819,9782.34775609,253592.56669885
"582",2017-11-08 00:37:58,808191,808193,808310,1.14000024,0.05,13037.3366499,9778.69459311,253592.56669885
"583",2017-11-08 00:37:59,808310,808222,808310,1.4,0.04,13009.5129494,9778.46645555,253592.57669885
"584",2017-11-08 00:38:00,808310,808223,808310,0.86,0.04,13004.25294817,9733.59645555,253592.45669789
"585",2017-11-08 00:38:01,809000,808600,809000,0.1981,0.43,13008.94304916,9724.52475555,253591.81959741
"586",2017-11-08 00:38:02,808716,808716,809000,0.2238,0.43,13004.70784892,9724.12475555,253592.09679741
"587",2017-11-08 00:38:03,808717,808717,809000,0.16,0.43,13018.74234907,9720.33047028,253592.6293962
"588",2017-11-08 00:38:04,809365,808716,809365,0.2238,7.60189823,13025.29634882,9730.21096895,253595.2393962
"589",2017-11-08 00:38:06,808888,808888,809227,1.39800042,0.44,13037.12704973,9714.53483244,253584.97286578
"590",2017-11-08 00:38:07,808888,808888,809227,1.39800042,0.44,13074.13764937,9721.95297,253569.92179578
"591",2017-11-08 00:38:08,808889,808889,809032,1.91940104,0.01,13078.29265047,9720.73943244,253569.9237576
"592",2017-11-08 00:38:09,809365,809335,809365,0.03,1.3,13070.94634943,9713.20457075,253598.4477076
"593",2017-11-08 00:38:11,809855,809454,809855,0.03,4.17,13105.83785071,9727.90420111,253594.5377076
"594",2017-11-08 00:38:12,809035,809035,809854,0.59800002,0.36,13102.31584901,9724.3442016,253594.22330758
"595",2017-11-08 00:38:13,809855,809036,809854,7,0.36,13106.56904883,9717.29219956,253589.34250758
"596",2017-11-08 00:38:14,809855,809200,809419,0.02,0.01,13099.39104955,9729.30320134,253588.10357758
"597",2017-11-08 00:38:15,809240,809200,809240,0.02,3.998,13095.77404869,9737.74120233,253582.92633052
"598",2017-11-08 00:38:16,809200,809220,809240,1,3.998,13100.41058667,9733.36160134,253580.8183301
"599",2017-11-08 00:38:17,809220,809220,809240,0.7228,2.0934,13088.64484862,9732.80200134,253582.68760803
"600",2017-11-08 00:38:20,809220,809271,809999,8.4275,0.60000075,13102.19248692,9747.25060457,253601.69770803
