"","time","lst","best_bid","best_ask","best_bid_size","best_ask_size","total_bid_depth","total_ask_depth","volume"
"1",2017-11-08 02:38:58,809800,809672,809797,0.855,0.189,12986.96398661,9600.41136804,248192.88246721
"2",2017-11-08 02:38:59,809800,809672,809797,0.855,0.189,12987.18355503,9631.71136779,248192.45666721
"3",2017-11-08 02:39:00,809800,809672,809797,0.855,0.189,12987.16755503,9631.81137002,248191.40561721
"4",2017-11-08 02:39:01,809972,809972,810299,1.80549917,2.4000005,12988.67405532,9631.07596919,248191.14011804
"5",2017-11-08 02:39:02,809972,809973,810298,0.6,0.6596,12986.89305483,9629.69986918,248191.09011804
"6",2017-11-08 02:39:03,810297,809973,810297,1.2,0.11,12991.50305409,9628.97026918,248186.45904804
"7",2017-11-08 02:39:04,809973,809973,810234,0.80000074,0.0306,12982.09565385,9629.55306918,248179.76275526
"8",2017-11-08 02:39:05,810296,810297,810299,1.8694,2.1100005,12975.29905361,9629.55386943,248179.29335526
"9",2017-11-08 02:39:06,810297,810297,810300,0.8708,2,12984.44488617,9634.04387042,248174.8894577
"10",2017-11-08 02:39:07,810297,810297,810299,0.3308,0.28,12970.16885459,9616.63126819,248171.78575048
"11",2017-11-08 02:39:08,810296,810160,810296,0.01,0.24999926,12976.78205484,9631.28127067,248170.36455122
"12",2017-11-08 02:39:09,810293,810293,810296,0.59520096,0.24999926,12975.51715643,9639.33323106,248169.90935026
"13",2017-11-08 02:39:10,810160,810160,810298,0.00520096,0.00479904,12972.03115619,9638.88803084,248168.59957129
"14",2017-11-08 02:39:11,810160,810160,810298,0.00520096,0.00479904,12987.39635739,9641.87703035,248167.29364056
"15",2017-11-08 02:39:12,810160,810160,810298,0.00520096,0.00479904,12987.30285594,9637.41102813,248167.24257056
"16",2017-11-08 02:39:13,810160,810160,810298,0.00520096,0.00479904,12979.74285383,9641.79806843,248156.73936861
"17",2017-11-08 02:39:14,809979,809979,810298,3.42780194,0.5,12982.21228527,9642.27126899,248156.59486861
"18",2017-11-08 02:39:15,809979,809983,810000,0.005,5,12980.67252482,9647.89126899,248156.48774861
"19",2017-11-08 02:39:16,809979,809980,809999,0.28,0.6,12967.32592345,9635.37126651,248156.32606335
"20",2017-11-08 02:39:17,809811,809671,809998,0.08,0.4,12978.74322356,9638.08946701,248160.23531335
"21",2017-11-08 02:39:18,809601,809601,809910,5.02994028,0.07,12978.78235036,9635.99017638,248161.86514335
"22",2017-11-08 02:39:19,809910,809602,809811,0.5,0.2061,12997.48234889,9637.25437613,248161.56518335
"23",2017-11-08 02:39:20,809811,809780,809909,0.01,0.1423,12997.67445036,9650.85057615,248159.58578335
"24",2017-11-08 02:39:21,809780,809604,809908,0.5,0.43847714,12987.56444938,9655.34905403,248159.45348368
"25",2017-11-08 02:39:22,810405,810405,810450,3.44752431,0.02,13000.59397418,9624.36037661,248174.07375937
"26",2017-11-08 02:39:23,810405,810405,810450,0.88972193,0.019,12996.54728471,9635.43687735,248176.13256175
"27",2017-11-08 02:39:24,810405,810405,810450,0.88772193,0.019,13001.1732852,9637.6651677,248176.81156175
"28",2017-11-08 02:39:25,810406,810406,810450,0.549,0.019,13001.4222852,9640.13416943,248176.16256175
"29",2017-11-08 02:39:26,810406,810406,810450,0.0991,0.019,13001.82038373,9640.25416943,248164.61246175
"30",2017-11-08 02:39:27,809611,809612,810450,0.149,0.019,13002.9393852,9635.65416844,248161.49841175
"31",2017-11-08 02:39:28,809611,809612,810406,1.658,0.01,12988.31962279,9641.29016944,248159.259715
"32",2017-11-08 02:39:29,809611,809613,810406,2.40000098,0.01,12988.76162377,9641.23212169,248158.052715
"33",2017-11-08 02:39:30,810406,809614,810225,1.509,0.001,12990.69062377,9658.13312194,248158.112715
"34",2017-11-08 02:39:31,810406,809701,810225,1.80000147,0.001,12993.97200184,9658.81512219,248158.116315
"35",2017-11-08 02:39:32,810406,809944,810225,0.01,0.001,12992.09680184,9659.8091212,248158.116315
"36",2017-11-08 02:39:33,809713,809701,809713,1.80000147,0.039,13004.13400306,9664.60812219,248157.76294768
"37",2017-11-08 02:39:34,809713,809701,809713,4.20000221,0.019,12988.72680184,9664.00512219,248157.80828032
"38",2017-11-08 02:39:35,809713,809702,810225,1.5492,0.001,12999.87600233,9663.98612096,248152.79318032
"39",2017-11-08 02:39:36,809713,809703,810225,1.20000049,0.001,13007.95324041,9654.88612071,248152.80178032
"40",2017-11-08 02:39:37,809713,809988,810225,0.01,0.001,13009.11873942,9654.25712101,248152.7730845
"41",2017-11-08 02:39:38,809704,809704,810225,0.51179926,0.001,13007.71573942,9653.37712026,248142.8606845
"42",2017-11-08 02:39:39,809704,809705,810225,0.45,0.001,13001.04573893,9653.58336426,248142.8056845
"43",2017-11-08 02:39:40,809705,809706,810225,0.51179926,0.001,12990.71349992,9652.284565,248142.16548737
"44",2017-11-08 02:39:41,809705,809820,810213,0.6,0.01451797,12994.25419943,9658.82908297,248141.79548745
"45",2017-11-08 02:39:42,809705,809820,810213,0.6,0.01451797,12998.8249616,9654.73908198,248141.79441745
"46",2017-11-08 02:39:43,810299,809855,810299,0.468,1.97171871,13014.03410237,9658.26698272,248147.28741745
"47",2017-11-08 02:39:44,810299,809855,810000,0.468,5,13015.34230335,9662.37898222,248137.68641745
"48",2017-11-08 02:39:45,810000,809856,810000,0.6,4.99279995,13018.99870385,9663.93378245,248137.20461852
"49",2017-11-08 02:39:46,810000,809856,810000,0.6,2.99279995,13019.31270385,9667.5997832,248136.66276852
"50",2017-11-08 02:39:47,810000,809860,810000,0.005,2.99279995,13018.16030237,9663.39978321,248135.30276852
"51",2017-11-08 02:39:48,810000,809860,810000,0.005,0.99099989,13004.28370164,9674.59898444,248127.70219258
"52",2017-11-08 02:39:49,810000,810000,810298,0.44970011,0.28,12997.01940175,9674.36398415,248127.27099247
"53",2017-11-08 02:39:50,810299,810001,810299,0.6,1.13171871,13006.23916318,9673.36398415,248126.26899247
"54",2017-11-08 02:39:51,810400,810299,810400,1.86828129,9.6,13017.94828342,9671.89906544,248125.18491118
"55",2017-11-08 02:39:52,810400,810299,810399,1.86828129,0.28,13015.50998244,9671.13906544,248108.8762149
"56",2017-11-08 02:39:53,810400,810299,810400,1.86828129,7.88,13007.4804822,9653.52411026,248097.5825773
"57",2017-11-08 02:39:54,810400,810289,810400,0.09,7.88,13015.58185763,9658.31191155,248095.8515273
"58",2017-11-08 02:39:55,810399,810304,810399,0.005,0.43,13016.93076265,9657.98191179,248093.74724307
"59",2017-11-08 02:39:56,810399,810304,810400,0.01695229,7.88,13014.29071494,9652.32071105,248092.62224307
"60",2017-11-08 02:39:57,810400,810304,810400,0.01195229,3.38,13010.29071396,9643.62071377,248097.48014307
"61",2017-11-08 02:39:58,810400,810305,810400,0.21923857,3.38,13012.38342705,9638.42071451,248097.14829817
"62",2017-11-08 02:39:59,810400,810305,810400,0.21923857,3.38,13012.92366664,9639.60671476,248096.97169817
"63",2017-11-08 02:40:00,810305,810310,810400,0.005,3.38,13014.38026689,9639.60671476,248094.75244792
"64",2017-11-08 02:40:01,810305,810310,810400,0.005,3.38,13014.84146689,9641.40771466,248094.75244792
"65",2017-11-08 02:40:02,810305,810306,810400,1.0075,3.38,13017.99872,9636.60771367,248093.30244792
"66",2017-11-08 02:40:03,810400,810307,810400,0.60000098,2.98,13007.39871951,9600.81771367,248083.69944792
"67",2017-11-08 02:40:04,810400,810307,810400,0.60000098,2.58,13018.19872049,9605.40371416,248084.09944792
"68",2017-11-08 02:40:05,810400,810307,810400,1.20000074,1.1438,13009.01618045,9616.68151119,248075.78487792
"69",2017-11-08 02:40:06,810400,810312,810400,0.005,1.1438,13006.39338045,9624.87811094,248075.62457792
"70",2017-11-08 02:40:07,810400,810307,810400,0.20483907,1.1438,13012.44661951,9632.33811119,248065.62152792
"71",2017-11-08 02:40:08,810400,810381,810400,0.01,1.13900116,13015.60471853,9651.67671235,248064.88322729
"72",2017-11-08 02:40:09,810400,810381,810450,0.01,0.019,13015.24031853,9669.34691193,248065.86222845
"73",2017-11-08 02:40:10,810400,810381,810450,0.01,0.019,13015.72141853,9677.43601119,248066.01222845
"74",2017-11-08 02:40:11,810400,810381,810450,0.01,0.019,13006.55631853,9678.38201218,248066.00122845
"75",2017-11-08 02:40:12,810400,810381,810450,0.01,0.019,13004.01741902,9666.78601267,248059.00122845
"76",2017-11-08 02:40:13,810450,810451,810494,0.21203882,0.05,13005.92816727,9646.30801253,248059.01737879
"77",2017-11-08 02:40:14,810494,810472,810494,0.032,0.02,13004.98316249,9630.33601115,248060.24537976
"78",2017-11-08 02:40:15,810494,810472,810494,0.032,0.02,13004.38816249,9624.31801055,248061.37030976
"79",2017-11-08 02:40:16,810494,810472,810494,0.032,0.02,13004.40816249,9623.98501079,248062.03730976
"80",2017-11-08 02:40:17,810494,810472,810494,0.032,0.02,13003.38816249,9627.38501203,248062.03730976
"81",2017-11-08 02:40:18,810500,810472,810500,0.032,5.096,13003.42116224,9622.75501302,248062.45630976
"82",2017-11-08 02:40:19,810500,810472,810500,0.032,1.666,13004.63516322,9619.32501302,248065.88630976
"83",2017-11-08 02:40:20,810500,810472,810500,0.032,1.666,13001.50866224,9612.59551228,248056.88530976
"84",2017-11-08 02:40:21,810500,810477,810500,0.005,0.966,13001.51366224,9616.6955145,248055.61420976
"85",2017-11-08 02:40:22,810473,810473,810500,0.11703882,0.966,13001.03666224,9612.91751449,248056.21314
"86",2017-11-08 02:40:23,810500,810474,810500,0.01195109,0.866,13005.98256614,9624.56751565,248055.87521
"87",2017-11-08 02:40:24,810500,810450,810500,2.153941,0.766,13011.30181772,9576.8685162,248055.54180951
"88",2017-11-08 02:40:25,810451,810450,810500,0.153941,0.766,13001.11376635,9587.60701497,248057.32975902
"89",2017-11-08 02:40:26,810451,810494,810500,0.00479954,0.766,12931.51996687,9596.80351497,248056.52975853
"90",2017-11-08 02:40:27,810451,810494,810500,0.00479954,0.766,12982.84726785,9566.14351527,248054.91975804
"91",2017-11-08 02:40:28,810451,810494,810500,0.00479954,0.766,13010.35376687,9565.05851453,248053.25305804
"92",2017-11-08 02:40:29,810451,810494,810500,0.00479954,0.766,13019.45126687,9469.88451354,248052.38668707
"93",2017-11-08 02:40:30,810001,810001,810400,2.23086719,0.34125946,13011.93514146,9472.15327226,248041.93542761
"94",2017-11-08 02:40:31,810001,810003,810400,0.5611,0.33625946,13019.19969279,9468.21227177,248043.18542712
"95",2017-11-08 02:40:32,810001,810003,810400,0.5611,0.33625946,13019.79969328,9468.21227177,248043.18542712
"96",2017-11-08 02:40:33,810001,810385,810400,0.05,0.33625946,13014.36939426,9468.68797103,248043.34607712
"97",2017-11-08 02:40:34,810500,810385,810500,0.05,0.29795946,13013.38972658,9470.36797252,248044.50814712
"98",2017-11-08 02:40:35,810386,810386,810500,0.028,0.29795946,13009.07742585,9463.45797054,248041.37037712
"99",2017-11-08 02:40:36,810500,810386,810494,0.028,1,13009.18772683,9473.95797079,248041.39500291
"100",2017-11-08 02:40:37,810494,810386,810493,0.028,0.6,13005.03052658,9477.86097153,248038.2896278
"101",2017-11-08 02:40:38,810386,810385,810386,0.05,5.783,13014.87252707,9486.48210184,248038.4800278
"102",2017-11-08 02:40:39,810007,810007,810386,1.2483,5.783,13014.46802707,9485.28210134,248038.8670278
"103",2017-11-08 02:40:40,810010,810010,810385,0.1,0.411,13010.24217669,9485.93482005,248038.34102804
"104",2017-11-08 02:40:41,810010,810011,810385,0.189,0.411,13011.21117669,9476.0348198,248042.06047804
"105",2017-11-08 02:40:42,810386,810011,810216,0.589,0.001,13015.81067693,9481.10012005,248046.80107907
"106",2017-11-08 02:40:43,810386,810011,810216,0.4,0.001,13016.23267717,9480.90012005,248046.04917882
"107",2017-11-08 02:40:44,810386,810027,810216,0.01,0.001,13016.05667693,9451.93189049,248045.56210882
"108",2017-11-08 02:40:45,810494,810027,810383,0.01,0.21906478,13020.48177767,9474.51123656,248047.87222557
"109",2017-11-08 02:40:46,810494,810114,810383,0.011,0.21906478,13004.99277694,9471.11123755,248035.53069111
"110",2017-11-08 02:40:47,810494,810114,810383,0.011,0.21906478,13005.70017694,9481.20023829,248035.52969111
"111",2017-11-08 02:40:48,810494,810114,810494,0.011,0.06626478,13003.99517718,9480.80023804,248036.74944111
"112",2017-11-08 02:40:49,810494,810273,810494,0.01,0.06626478,12987.68017718,9481.40023829,248036.73944111
"113",2017-11-08 02:40:50,810494,810273,810494,0.01,0.06626478,13001.13067718,9481.40023829,248036.73837111
"114",2017-11-08 02:40:51,810051,810051,810494,0.721,0.06626478,13006.65967693,9483.49903829,248037.62558694
"115",2017-11-08 02:40:52,810051,810052,810494,0.791,0.06626478,13013.5487422,9480.99903779,248036.86919019
"116",2017-11-08 02:40:53,810051,810053,810494,1.2133,0.06626478,13014.7210422,9477.42023779,248036.70819019
"117",2017-11-08 02:40:54,810051,810053,810494,0.6133,0.06626478,13013.5210422,9478.49603779,248036.79614019
"118",2017-11-08 02:40:55,810051,810054,810494,0.3941,0.06626478,13015.95384318,9466.39603606,248036.99434692
"119",2017-11-08 02:40:56,810051,810054,810494,0.3941,0.06626478,13006.95384269,9437.89603705,248036.69434692
"120",2017-11-08 02:40:57,810051,810299,810494,0.01,0.06626478,12991.37434269,9437.86653705,248036.73757692
"121",2017-11-08 02:40:58,810051,810299,810494,0.01,0.06626478,12970.2847427,9436.93983655,248036.73652692
"122",2017-11-08 02:40:59,810051,810299,810494,0.01,0.06626478,12971.6552427,9437.12023828,248035.53807613
"123",2017-11-08 02:41:00,810051,810421,810494,0.01,0.06626478,12990.36974294,9437.33123828,248035.49807613
"124",2017-11-08 02:41:01,810051,810421,810494,0.01,0.06626478,12991.2667427,9437.43123828,248035.49807613
"125",2017-11-08 02:41:02,810051,810421,810474,0.01,2.04171871,12993.54519349,9439.47295699,248035.49807613
"126",2017-11-08 02:41:03,810474,810421,810472,0.01,0.00199888,12992.71039299,9449.39555612,248035.59600613
"127",2017-11-08 02:41:04,810474,810421,810474,0.01,0.4437171,12990.49409348,9456.15835563,248036.54680662
"128",2017-11-08 02:41:05,810421,810323,810421,0.01195079,2.99,12992.38209373,9448.82995563,248035.11650662
"129",2017-11-08 02:41:06,810421,810374,810421,0.002,1.77999951,12989.57009275,9463.5609539,248036.32650711
"130",2017-11-08 02:41:07,810421,810374,810421,0.002,1.17999853,12991.77529324,9461.69895416,248026.24311899
"131",2017-11-08 02:41:08,810421,810374,810421,0.002,1.17999779,12985.859093,9476.01295342,248026.82332067
"132",2017-11-08 02:41:09,810421,810374,810421,0.002,0.57999705,12986.550893,9483.18855268,248027.41432141
"133",2017-11-08 02:41:10,810421,810425,810474,0.42000295,0.4437171,12985.01339546,9476.2426544,248027.49326846
"134",2017-11-08 02:41:11,810474,810374,810474,0.002,0.1437171,12983.13079177,9463.2406544,248017.78719846
"135",2017-11-08 02:41:12,810474,810374,810474,0.002,0.1027171,12980.13222316,9457.21695563,248017.80559846
"136",2017-11-08 02:41:13,810474,810374,810473,0.002,0.3801,12990.06392365,9445.57805499,248017.68909846
"137",2017-11-08 02:41:14,810474,810374,810474,0.002,0.1027171,12991.56392365,9441.51895573,248017.68909846
"138",2017-11-08 02:41:15,810494,810385,810473,0.00149927,0.4085,12998.33782316,9430.99845573,248017.87499846
"139",2017-11-08 02:41:16,810494,810449,810473,0.01,0.4085,12997.34542316,9426.22345573,248017.89599846
"140",2017-11-08 02:41:17,810473,810449,810473,0.01,0.3485,13000.76332414,9426.16445587,248017.35150031
"141",2017-11-08 02:41:18,810494,810449,810494,0.01,0.1189809,12989.86532365,9425.21595489,248016.06810104
"142",2017-11-08 02:41:19,810385,810374,810385,0.002,0.00390073,12999.03992462,9424.01985512,248015.45910034
"143",2017-11-08 02:41:20,810385,810374,810494,0.002,0.1189809,12995.31322438,9425.21595341,248003.45910034
"144",2017-11-08 02:41:21,810530,810374,810530,0.002,1.42694036,12982.81222438,9421.51595242,247999.44927879
"145",2017-11-08 02:41:22,810530,810374,810530,0.002,0.57713987,12994.92392536,9422.38815292,248000.63727928
"146",2017-11-08 02:41:23,810573,810500,810597,0.01,0.03,13000.9513261,9422.26301305,247999.1287189
"147",2017-11-08 02:41:24,810600,810574,810600,0.55,1.9969061,13001.92632659,9417.16301305,247993.60531841
"148",2017-11-08 02:41:25,810742,810742,810743,1.7530939,0.2,13002.56121847,9414.89610695,247995.68110451
"149",2017-11-08 02:41:26,810742,810742,810743,1.7530939,0.2,12996.26581872,9415.14480695,247995.67330535
"150",2017-11-08 02:41:27,810743,810743,810744,0.35,0.2,12977.56581872,9415.69610695,247999.44543563
"151",2017-11-08 02:41:28,810743,810743,810744,0.35,0.2,12977.42861826,9415.19460695,247999.43343563
"152",2017-11-08 02:41:29,810744,810743,810744,0.53,0.19,12988.15861851,9415.18460695,247999.44343563
"153",2017-11-08 02:41:30,810749,810743,810749,0.53,0.19,12988.15861851,9414.28150744,248000.44343563
"154",2017-11-08 02:41:31,810749,810743,810749,1.23000024,0.19,12984.93602436,9412.5175067,247999.94343563
"155",2017-11-08 02:41:32,810749,810743,810749,1.23000024,0.19,12982.24732436,9412.5175067,248000.02343563
"156",2017-11-08 02:41:33,810749,810744,810749,0.25,0.19,12960.45252337,9436.5226067,248000.01238563
"157",2017-11-08 02:41:34,810749,810743,810749,0.95000024,0.19,12955.36922386,9442.5566067,248000.01238563
"158",2017-11-08 02:41:35,810751,810743,810751,0.60000024,0.122,12991.82552435,9475.70240695,248000.47731563
"159",2017-11-08 02:41:36,810751,810744,810751,0.95,0.072,12988.41552411,9511.7733072,248000.44731563
"160",2017-11-08 02:41:37,810751,810744,810751,0.6,0.072,12988.38802485,9511.4514072,248000.39731563
"161",2017-11-08 02:41:38,811000,810649,811000,0.002,16.7311,12985.73802461,9510.7607072,248001.49731563
"162",2017-11-08 02:41:39,811000,810830,811000,0.1946,16.7291,12987.56582918,9501.15870695,248000.64436889
"163",2017-11-08 02:41:40,810743,810787,811000,0.22460074,16.7291,12987.14122461,9511.1187072,248003.04436889
"164",2017-11-08 02:41:41,811000,810787,811000,0.22460074,15.7321,12981.69122437,9507.15170596,248004.03999966
"165",2017-11-08 02:41:42,811000,810788,811000,1.4196,15.7321,12982.20772437,9508.55170695,248004.03999966
"166",2017-11-08 02:41:43,811000,810787,811000,0.22460074,5.7321,12980.58812437,9499.55170695,248014.03694966
"167",2017-11-08 02:41:44,811000,810787,811000,0.22460074,2.5030061,12982.28912437,9497.32161225,248014.26604356
"168",2017-11-08 02:41:45,811000,810788,811000,0.7419,1.5130061,12988.07642412,9491.63061137,248003.16604356
"169",2017-11-08 02:41:46,811000,810789,811000,0.95,1.3130061,12988.16542769,9496.27461211,248003.36404356
"170",2017-11-08 02:41:47,811000,810929,811000,0.05,1.1130061,13004.18472386,9487.67461236,248002.7851432
"171",2017-11-08 02:41:48,811000,810929,811000,0.05,1.1130061,12987.27582239,9497.20461261,248003.38514369
"172",2017-11-08 02:41:49,811000,810929,811000,0.05,1.1130061,12994.75482289,9497.10461261,248003.96414418
"173",2017-11-08 02:41:50,811100,811000,811100,1.7313,4.4130061,12995.14282265,9495.92181251,248005.96127532
"174",2017-11-08 02:41:51,811100,811001,811100,0.35,4.0160061,12994.29087107,9496.52481251,248006.36327532
"175",2017-11-08 02:41:52,811100,811001,811100,0.3802,1.6160061,12993.53077107,9488.15251152,248009.96327532
"176",2017-11-08 02:41:53,811100,811009,811100,1,1.6160061,12997.24977416,9492.97311226,248010.02727434
"177",2017-11-08 02:41:54,811100,811100,811401,2.399,0.0696,13002.53313841,9487.39991226,248016.41727434
"178",2017-11-08 02:41:55,811302,811101,811302,0.88,1.637,13008.19083841,9481.22552732,248013.58327434
"179",2017-11-08 02:41:56,811302,811102,811302,0.22,1.20700099,13003.35298762,9490.35792826,248013.76222434
"180",2017-11-08 02:41:57,811498,811302,811498,0.01,13.00700297,12997.87203653,9486.85792826,248018.76022434
"181",2017-11-08 02:42:03,812862,811506,812862,0.96,1.65258765,13013.10468837,9466.91440196,248057.35470496
"182",2017-11-08 02:42:04,811499,811499,812524,1.46299851,4.69700099,13023.20748738,9472.34654571,248059.86170595
"183",2017-11-08 02:42:05,811786,811507,811786,0.043,0.005,13022.53315813,9486.56604965,248056.86313708
"184",2017-11-08 02:42:06,811811,811507,811811,0.03074448,0.024,13024.77474572,9482.6287264,248056.8403426
"185",2017-11-08 02:42:07,812524,812017,812081,0.02,1.3535,13021.71494572,9488.61134122,248060.9433426
"186",2017-11-08 02:42:08,812000,812000,812081,0.02,1.3135,13028.25944572,9495.00933974,248060.8895426
"187",2017-11-08 02:42:09,812242,812082,812242,1.0415,0.06,13031.3742667,9497.350239,248061.7895426
"188",2017-11-08 02:42:10,812082,812082,812242,0.4596,0.021,13025.08336646,9493.27223785,248051.19108944
"189",2017-11-08 02:42:11,812242,812242,812522,6.942,0.7809,13034.74386695,9502.01014032,248051.68989944
"190",2017-11-08 02:42:12,812242,812243,812521,0.6,1.9396,13026.84572271,9533.85884032,248053.58689952
"191",2017-11-08 02:42:13,812242,812242,812519,4.58500012,0.4,13003.62792289,9555.33683925,248056.1338994
"192",2017-11-08 02:42:14,812243,812243,812461,0.689,0.01,13004.28792425,9560.08454007,248059.69893136
"193",2017-11-08 02:42:15,812856,812243,812856,0.35,0.86012,13016.08892425,9547.12953859,248078.6989338
"194",2017-11-08 02:42:16,812500,812359,812500,0.445,0.01123504,13021.04451374,9561.53559554,248074.94882067
"195",2017-11-08 02:42:17,812862,812519,812862,0.2722,1.24484269,13021.79671276,9551.47639554,248077.04877067
"196",2017-11-08 02:42:18,812519,812519,812853,0.2322,0.261,12995.98371276,9536.27625106,248075.13137067
"197",2017-11-08 02:42:19,812273,812360,812794,1.953,0.445,13000.38011203,9521.72535131,248077.64747527
"198",2017-11-08 02:42:20,813000,812360,812999,1.353,0.60000197,12991.86741374,9506.84265204,248086.64747527
"199",2017-11-08 02:42:21,813010,812361,813010,0.6,28.34940018,12980.85401338,9503.47925623,248094.05100835
"200",2017-11-08 02:42:22,813010,812400,813010,0.02,9.91330018,12992.05751386,9473.93245327,248113.26100835
"201",2017-11-08 02:42:23,812516,812516,813009,0.37,0.1027,12992.16051496,9474.38615391,248115.96650753
"202",2017-11-08 02:42:24,813009,812516,812700,0.37,0.002,12988.87451398,9474.88545341,248115.96023697
"203",2017-11-08 02:42:25,813010,812517,813010,1.8258,6.25530018,12965.42931423,9476.69945243,248116.75823697
"204",2017-11-08 02:42:26,813010,812518,813010,1.5501,1.29530018,12986.82561521,9470.16945218,248072.86823697
"205",2017-11-08 02:42:27,812990,812518,812763,1.5501,0.04,12986.05461521,9474.10945218,248063.21237563
"206",2017-11-08 02:42:28,812990,812608,812763,0.04,0.04,12978.57451521,9473.25945218,248059.30137563
"207",2017-11-08 02:42:29,812990,812517,812990,0.261,3.242,12978.54551594,9470.16145218,248049.40807641
"208",2017-11-08 02:42:30,812990,812763,812990,0.04,0.422,12976.65651692,9525.506152,248052.17127641
"209",2017-11-08 02:42:31,812990,812990,813047,1.1474,0.03,12973.56681692,9523.987053,248049.59327616
"210",2017-11-08 02:42:32,813143,813047,813143,1.242,4.082,12969.89141692,9526.18705225,248050.08327616
"211",2017-11-08 02:42:33,813250,813250,813302,0.97519642,0.4,12972.75861383,9523.27105299,248003.62087999
"212",2017-11-08 02:42:34,813305,813100,813305,0.261,0.05,12960.69441521,9532.42105349,248008.96777999
"213",2017-11-08 02:42:35,813381,813305,813381,0.7,0.05,12964.66501472,9529.92105299,247997.61647999
"214",2017-11-08 02:42:36,813444,813306,813444,0.6,0.086,12972.1934157,9530.28315225,247949.02008749
"215",2017-11-08 02:42:37,813482,813482,813500,0.3679,3.1,12972.8613157,9531.07335225,247948.70913749
"216",2017-11-08 02:42:38,813305,813196,813302,0.25,0.3021,12967.79441482,9533.37545422,247928.49503749
"217",2017-11-08 02:42:39,813307,813307,813660,0.5379,47.2361,12927.45371408,9522.90335299,247918.24812854
"218",2017-11-08 02:42:40,813660,813302,813400,0.3021,5,12930.89091506,9563.49325299,247899.66632854
"219",2017-11-08 02:42:41,813400,813196,813400,0.25,4.4882,12919.3167153,9530.11745397,247891.66322854
"220",2017-11-08 02:42:42,813250,813001,813250,5.76100122,1.958,12936.1827153,9542.29205275,247888.31317854
"221",2017-11-08 02:42:43,813250,813001,813250,15.36100171,1.7376,12926.10671555,9633.84795225,247887.43257854
"222",2017-11-08 02:42:44,813001,813001,813040,15.35800171,0.46,12925.04211555,9658.45885275,247887.02457854
"223",2017-11-08 02:42:45,813040,813212,813249,0.14000098,0.6,12910.08111555,9646.97385275,247897.05787739
"224",2017-11-08 02:42:46,813039,813011,813039,0.2,0.5,12913.91311613,9592.68175225,247895.24830726
"225",2017-11-08 02:42:47,813039,813140,813248,0.6,1.8544,12872.02911491,9599.518452,247869.52780645
"226",2017-11-08 02:42:48,813039,813011,813247,0.2,0.5,12889.52361527,9620.52815225,247863.79180572
"227",2017-11-08 02:42:49,813011,813141,813248,0.0243,0.5,12904.533916,9538.01925225,247861.03810475
"228",2017-11-08 02:42:50,813246,813001,813246,9.02430342,1.8534,12883.95631698,9572.15065126,247864.20205567
"229",2017-11-08 02:42:51,813246,813200,813250,0.02,1.0376,12892.65311502,9549.09725349,247861.202053
"230",2017-11-08 02:42:52,813001,813001,813245,4.42000244,0.1,12903.657916,9581.41585237,247859.302053
"231",2017-11-08 02:42:53,813000,812999,813000,4,47.07999683,12886.57991332,9661.7010492,247852.91543603
"232",2017-11-08 02:42:54,812999,812999,813000,3.9,34.07999683,12917.65791503,9667.13174906,247859.19131458
"233",2017-11-08 02:42:55,813000,812999,813000,3.9,33.87999683,12929.414916,9638.65324733,247859.39131458
"234",2017-11-08 02:42:56,812999,812999,813000,2.8,33.87999683,12848.8659163,9673.56454906,247856.96224458
"235",2017-11-08 02:42:57,813000,812999,813000,2.76,33.77999683,12854.8529163,9641.56554916,247854.86631458
"236",2017-11-08 02:42:58,812999,812999,813000,2.71,33.52999683,12810.09791508,9668.12894842,247853.67275552
"237",2017-11-08 02:42:59,813000,812999,813000,2.71,24.52999683,12818.28831557,9685.09744792,247860.47275454
"238",2017-11-08 02:43:00,813000,812999,813061,2.71,0.003,12792.68681557,9666.9724501,247865.17775454
"239",2017-11-08 02:43:01,813000,812999,813000,2.71,1.4,12790.5646163,9615.89845035,247845.24115454
"240",2017-11-08 02:43:02,813000,812999,813000,2.71,0.96042419,12869.0259163,9652.0693738,247842.77968035
"241",2017-11-08 02:43:03,813000,812999,813000,2.11,0.29802419,12882.91821728,9637.99497504,247841.93708035
"242",2017-11-08 02:43:04,812999,812939,812998,0.002,0.6,12895.17821556,9659.27437578,247844.04601035
"243",2017-11-08 02:43:05,812999,812939,812998,0.002,0.6,12866.17921581,9682.30617578,247844.02201035
"244",2017-11-08 02:43:06,812813,812998,812999,0.0261,1.93,12870.96631532,9681.62017553,247841.99520997
"245",2017-11-08 02:43:07,812998,812993,812999,0.01,2.93,12865.33921459,9727.59017553,247839.65820997
"246",2017-11-08 02:43:08,812437,812440,812610,0.1,0.1,12847.96581459,9708.62427553,247839.36820997
"247",2017-11-08 02:43:09,812437,812437,812610,0.09,0.0602,12807.92821459,9707.23127665,247839.32800705
"248",2017-11-08 02:43:10,812437,812437,812610,0.09,0.1602,12813.0272141,9690.00297517,247838.92695705
"249",2017-11-08 02:43:11,812273,812273,812997,10.81040192,0.47980038,12866.7654152,9686.38207542,247838.87337837
"250",2017-11-08 02:43:12,812549,812588,812850,15,0.02,12852.82781436,9642.63057542,247838.23967837
"251",2017-11-08 02:43:13,812997,812588,812997,14.91,0.7945,12867.51501436,9657.73677529,247840.31060837
"252",2017-11-08 02:43:14,812997,812589,812880,0.88,0.5,12866.45472684,9688.48877485,247839.19960837
"253",2017-11-08 02:43:15,812997,812593,812726,0.01191379,0.003,12844.04372041,9685.27217607,247839.19960837
"254",2017-11-08 02:43:16,812999,812732,812999,1,2.1199,12822.54872041,9653.64267593,247840.97270837
"255",2017-11-08 02:43:17,812780,812795,812999,0.183,2.1199,12817.02102017,9666.22067706,247839.04950837
"256",2017-11-08 02:43:18,812732,812732,812998,0.8605,0.5,12817.0269334,9673.8866778,247839.52960837
"257",2017-11-08 02:43:19,813000,812999,813000,1.1166,4.21792419,12813.9609334,9678.66007706,247849.02855837
"258",2017-11-08 02:43:20,813140,813000,813140,20.87707581,0.983,12833.72140994,9691.93315287,247852.80948256
"259",2017-11-08 02:43:21,813250,813030,813250,10,0.65260074,12843.71440921,9692.11015262,247854.83948256
"260",2017-11-08 02:43:22,813378,813378,813400,4.29539926,9.4882,12856.63700921,9690.60855138,247855.04928344
"261",2017-11-08 02:43:23,813378,813378,813400,3.8505167,9.4882,12858.97222592,9660.39855311,247855.493096
"262",2017-11-08 02:43:24,813400,813378,813400,3.8505167,6.4882,12839.16322592,9642.61855311,247856.696396
"263",2017-11-08 02:43:25,813400,813379,813400,0.1,5.3299,12850.54285109,9615.3742524,247858.354696
"264",2017-11-08 02:43:26,813400,813379,813400,0.1,4.6462,12854.89735256,9616.36915339,247852.101396
"265",2017-11-08 02:43:27,813400,813379,813400,0.1,4.3662,12856.92625256,9616.39855339,247852.481396
"266",2017-11-08 02:43:28,813400,813378,813400,3.2505167,3.1862,12831.94745256,9616.44905216,247853.261396
"267",2017-11-08 02:43:29,813379,813378,813400,3.2495167,3.1862,12817.43125256,9613.79855216,247841.362396
"268",2017-11-08 02:43:30,813400,813378,813380,3.2495167,0.001,12819.45116461,9614.27155216,247843.119846
"269",2017-11-08 02:43:31,813398,813460,813649,1.4591,3.21720248,12820.32066727,9611.22355315,247851.25924693
"270",2017-11-08 02:43:32,813650,813460,813650,1.403,4.23720248,12829.53436584,9609.29955315,247856.91427693
"271",2017-11-08 02:43:33,813650,813501,813649,0.6,2.10310222,12832.78436657,9611.40265537,247856.05987693
"272",2017-11-08 02:43:34,813501,813501,813620,0.59,0.0017,12832.77436657,9610.30435512,247848.20887693
"273",2017-11-08 02:43:35,813501,813501,813648,0.59,0.9031,12822.2693651,9613.30265489,247848.20687693
"274",2017-11-08 02:43:36,813501,813501,813647,0.58720084,0.61,12820.63104997,9623.58865563,247845.17507609
"275",2017-11-08 02:43:37,813001,813001,813609,0.49020084,3,12816.23104948,9626.84015563,247847.32007609
"276",2017-11-08 02:43:38,813460,812660,813250,0.4,0.02,12812.63104948,9657.55265563,247831.82002609
"277",2017-11-08 02:43:39,813609,813098,813609,0.524,2.56899988,12804.44705021,9678.47765601,247842.33002609
"278",2017-11-08 02:43:40,812594,812595,813501,0.5,0.1515,12812.2580507,9679.24915502,247843.12895609
"279",2017-11-08 02:43:41,813650,812750,813249,0.4,0.1541,12809.19424669,9682.30095552,247853.12895609
"280",2017-11-08 02:43:42,813388,812662,813388,9.42000122,0.03409804,12827.90254791,9699.94095381,247858.63385805
"281",2017-11-08 02:43:43,813200,813200,813500,0.018,18.81609804,12831.41954766,9689.22095307,247855.87585805
"282",2017-11-08 02:43:44,813200,813388,813461,0.50179986,3,12830.54134703,9730.02195361,247857.05585805
"283",2017-11-08 02:43:45,813461,813000,813200,0.001,1.02,12836.30524727,9731.10243616,247857.80565859
"284",2017-11-08 02:43:46,813461,813000,813199,0.001,0.5,12834.54704727,9737.80243715,247855.80460859
"285",2017-11-08 02:43:47,813200,813222,813250,0.11600147,0.02,12829.91664898,9736.48343725,247859.79650761
"286",2017-11-08 02:43:48,813331,812664,813331,0.63200268,1.02,12825.20864971,9739.98343725,247862.54343859
"287",2017-11-08 02:43:49,812800,812665,812800,0.5,8.61718,12825.39334912,9748.48061753,247862.62625859
"288",2017-11-08 02:43:50,813400,812701,813400,1.20000098,0.07497868,12831.68032591,9742.46331725,247876.44345991
"289",2017-11-08 02:43:51,813400,812663,813400,1.17507947,1.65,12818.64632591,9740.41331552,247885.52005991
"290",2017-11-08 02:43:52,813200,812593,813200,0.01191379,4.754,12811.99424644,9730.93621847,247892.95887706
"291",2017-11-08 02:43:53,813199,812589,812830,0.6,0.09850093,12817.29424742,9723.85972161,247888.10415898
"292",2017-11-08 02:43:54,813199,812589,812701,0.6,1,12822.74224644,9726.98972189,247886.95310849
"293",2017-11-08 02:43:55,812588,812598,812701,1.4635,0.98180055,12824.96414815,9728.32552244,247893.02552509
"294",2017-11-08 02:43:56,812588,812599,812700,0.2,1.016,12824.36806023,9729.34252244,247892.97552509
"295",2017-11-08 02:43:57,812598,812598,812665,0.1114,3,12826.49996169,9732.73352252,247895.07952509
"296",2017-11-08 02:43:58,812665,812588,812664,8.20554137,0.6,12828.29996193,9729.53171862,247897.14890561
"297",2017-11-08 02:43:59,812588,812588,812664,7.80554137,0.6,12824.89996121,9742.54551961,247896.93790561
"298",2017-11-08 02:44:00,812588,812651,812664,0.01,0.6,12823.05156096,9742.02671961,247897.81462121
"299",2017-11-08 02:44:01,812588,812588,812663,4.66814137,0.3362,12821.81256096,9734.38292011,247898.89152121
"300",2017-11-08 02:44:02,812588,812600,812651,1,0.01,12814.87556047,9730.79372021,247901.77052121
"301",2017-11-08 02:44:03,812662,812600,812800,1,0.01,12814.23155998,9732.12071973,247902.35052121
"302",2017-11-08 02:44:04,812990,812991,813068,0.585,0.60000025,12816.72959511,9731.52921769,247901.63309152
"303",2017-11-08 02:44:05,812991,812991,813068,0.495,0.60000025,12815.38385376,9731.52421643,247896.05909152
"304",2017-11-08 02:44:06,813399,812691,812991,0.519,0.26,12816.71994071,9721.28421668,247907.76729196
"305",2017-11-08 02:44:07,813461,812692,812720,0.495,0.003,12817.25693973,9723.41791816,247917.75629196
"306",2017-11-08 02:44:08,812720,812692,812720,1.095,0.001,12820.32613997,9715.31591742,247917.66629196
"307",2017-11-08 02:44:09,812588,812602,813000,1.1,4,12813.83013973,9745.10491846,247918.40883152
"308",2017-11-08 02:44:10,812588,812900,812999,0.001,1.095,12814.85472471,9729.29991846,247918.40883152
"309",2017-11-08 02:44:11,812565,812565,812999,0.79041256,1.4123,12814.92412471,9723.10971412,247912.91983054
"310",2017-11-08 02:44:12,812565,812663,812998,2,1.095,12817.1860371,9727.87971412,247911.7180301
"311",2017-11-08 02:44:13,812663,812663,812806,1.7322,0.01,12827.40946237,9728.37741462,247901.4838301
"312",2017-11-08 02:44:14,812997,812663,812997,1.6499,1.20000074,12843.13216359,9728.88741511,247890.9288027
"313",2017-11-08 02:44:15,812997,812700,812996,0.6,1.095,12851.91616555,9733.89241437,247881.21642522
"314",2017-11-08 02:44:16,812997,812700,812993,0.6,0.038,12850.66616481,9733.99041437,247880.0462301
"315",2017-11-08 02:44:17,812997,812701,812823,1.9696,0.01,12516.79576457,9730.36941437,247875.1572301
"316",2017-11-08 02:44:18,812997,812800,812823,0.001,0.01,12513.07676506,9723.71861412,247874.6535301
"317",2017-11-08 02:44:19,812701,812701,812823,1.9686,0.01,12485.40327746,9761.97761426,247870.08893374
"318",2017-11-08 02:44:20,812701,812700,812823,0.6,0.01,12472.45245303,9770.37261525,247869.49093374
"319",2017-11-08 02:44:21,812992,812699,812992,0.7,1.40000149,12482.93105132,9757.50161824,247869.39093374
"320",2017-11-08 02:44:22,812992,812801,812992,4.4,1.40000149,12501.73615132,9772.5986175,247869.43301008
"321",2017-11-08 02:44:23,812993,812815,812993,0.456,1.7631,12495.86024908,9761.54662036,247874.9030727
"322",2017-11-08 02:44:24,813460,812815,813460,0.456,1.6631,12488.57624908,9748.90291502,247877.24003328
"323",2017-11-08 02:44:25,813460,812816,813106,0.6,0.01,12468.72337672,9751.49941527,247874.74893386
"324",2017-11-08 02:44:26,813460,813100,813106,0.001,0.01,12485.19159126,9744.52741626,247874.77593386
"325",2017-11-08 02:44:27,812999,812999,813106,0.99579954,0.01,12485.22429174,9736.60773027,247874.14263386
"326",2017-11-08 02:44:28,813106,813106,813110,0.99,0.001,12482.97799272,9747.03293126,247870.61183386
"327",2017-11-08 02:44:29,812999,813000,813100,1.9173,4,12495.2220905,9748.91243126,247871.81183559
"328",2017-11-08 02:44:30,813100,813000,813100,1.9123,3.75,12486.48309001,9751.75743151,247870.60023559
"329",2017-11-08 02:44:31,813100,812999,813100,0.78579781,3.75,12495.29388831,9760.75743225,247867.44643603
"330",2017-11-08 02:44:32,812803,812803,812999,14.17289781,0.7057,12491.69388929,9762.27313225,247870.64553603
"331",2017-11-08 02:44:33,812999,812921,813024,4.4,0.01,12495.12318929,9761.55343225,247872.50454846
"332",2017-11-08 02:44:34,812998,812921,812998,4.399,0.77690046,12481.95899148,9761.16033334,247855.00695703
"333",2017-11-08 02:44:35,812998,812921,812998,4.399,0.77690046,12483.09050313,9748.24723161,247854.70015703
"334",2017-11-08 02:44:36,812998,812984,812998,0.01,0.17690046,12473.27340289,9755.82673235,247849.07631592
"335",2017-11-08 02:44:37,812998,812984,812998,0.01,0.07690046,12471.78140289,9782.89873235,247848.4298767
"336",2017-11-08 02:44:38,812998,812998,813024,0.1,0.01,12478.05930338,9779.06473114,247841.53355045
"337",2017-11-08 02:44:39,812998,812984,813024,0.01,0.01,12475.96230338,9779.66473139,247841.44330154
"338",2017-11-08 02:44:40,813100,812984,813100,0.01,2.54999927,12476.60580289,9778.63073041,247841.32585227
"339",2017-11-08 02:44:41,813100,812984,813099,0.01,0.6031,12470.2613024,9780.63383068,247842.917853
"340",2017-11-08 02:44:42,813100,813067,813100,0.01,0.34999854,12478.73540323,9800.09973068,247842.116803
"341",2017-11-08 02:44:43,813067,813067,813100,0.009,0.34999854,12486.86640323,9800.75453068,247842.116733
"342",2017-11-08 02:44:44,813460,812924,813460,0.6,18.6963996,12475.10630225,9795.90303188,247847.34553334
"343",2017-11-08 02:44:45,813460,813110,813459,0.4461,0.3027,12468.50240225,9796.16573188,247847.33737106
"344",2017-11-08 02:44:46,813460,812923,813459,0.524,0.091,12472.76630274,9798.05673287,247848.56963627
"345",2017-11-08 02:44:47,813460,812926,813459,0.6,0.151,12469.73050225,9793.91673213,247848.56963627
"346",2017-11-08 02:44:48,813460,812926,813460,0.6,16.9990996,12457.00710201,9793.93583188,247848.56963627
"347",2017-11-08 02:44:49,813460,812927,813459,1.5802,0.2039,12456.84260201,9793.23973237,247849.66079103
"348",2017-11-08 02:44:50,813300,812928,813080,1.20000049,0.3491,12457.5676025,9788.12983292,247848.84541467
"349",2017-11-08 02:44:51,813100,812928,813100,0.59850043,4.39899902,12459.39300342,9822.32883293,247851.20644703
"350",2017-11-08 02:44:52,813100,813380,813443,0.6,0.188,12453.46750348,9815.52683341,247855.85544605
"351",2017-11-08 02:44:53,813224,812922,813099,1.80000171,0.13399804,12453.56740323,9816.06083244,247857.05627875
"352",2017-11-08 02:44:54,813099,813101,813460,1.20000098,13.2400996,12453.87090293,9817.5868344,247856.83737605
"353",2017-11-08 02:44:55,813099,813101,813460,1.20000098,13.2400996,12454.99940274,9819.7799344,247856.84537705
"354",2017-11-08 02:44:56,813460,813102,813460,0.59850043,10.2400996,12463.17989167,9811.97793161,247859.85437705
"355",2017-11-08 02:44:57,813102,813103,813459,1.7123,2,12469.72408002,9815.6055306,247859.85537705
"356",2017-11-08 02:44:58,813102,813104,813458,2.40000049,0.00249957,12469.60275382,9817.10803091,247859.72672705
"357",2017-11-08 02:44:59,813102,813200,813458,0.001,0.00249957,12469.01115327,9813.72856694,247859.39859996
"358",2017-11-08 02:45:00,813200,813106,813458,2.92220098,0.00249957,12459.7339518,9805.73106749,247858.21652996
"359",2017-11-08 02:45:01,813200,813107,813430,0.6,0.01,12460.37545186,9796.14006665,247858.26112996
"360",2017-11-08 02:45:02,813430,813108,813459,0.6,1.50249957,12482.87225234,9806.11756782,247857.9541935
"361",2017-11-08 02:45:03,813460,813430,813460,0.01,9.05977917,12480.24025186,9802.43374768,247861.16151528
"362",2017-11-08 02:45:04,813460,813107,813460,0.6,9.05977917,12481.0651271,9830.46474778,247839.74434528
"363",2017-11-08 02:45:05,813460,813107,813460,0.6,7.35577917,12468.75268911,9825.96074556,247840.39229528
"364",2017-11-08 02:45:06,813458,813106,813458,1.10000098,0.08207581,12481.1396896,9808.79412312,247856.57423947
"365",2017-11-08 02:45:07,813200,813222,813500,0.502,0.1,12481.21864704,9801.95091353,247873.31586556
"366",2017-11-08 02:45:08,813200,813460,813499,0.8205,0.6,12480.34370807,9802.15696229,247866.28826556
"367",2017-11-08 02:45:09,813104,813101,813104,0.01190379,0.23276509,12468.51734715,9807.64222887,247868.08789444
"368",2017-11-08 02:45:10,813461,813200,813400,0.16623491,0.601,12480.52158206,9807.80996403,247838.5973353
"369",2017-11-08 02:45:11,813200,813200,813400,0.16323491,0.201,12477.87248206,9807.40996403,247838.50744569
"370",2017-11-08 02:45:12,813200,813200,813400,0.15923491,0.1573,12474.44258206,9807.26626329,247830.45544448
"371",2017-11-08 02:45:13,813656,813440,813656,0.2,0.9573,12483.65258206,9809.20626329,247828.80400817
"372",2017-11-08 02:45:14,813656,813500,813655,0.001,1.74,12481.74258279,9804.0489623,247823.91562018
"373",2017-11-08 02:45:15,813510,813656,813777,0.864,13.8053969,12484.28028206,9798.8629623,247823.99835018
"374",2017-11-08 02:45:16,813777,813500,813776,0.001,0.06,12487.68078279,9794.11546131,247823.34160089
"375",2017-11-08 02:45:17,813777,813500,813777,0.001,13.7978969,12487.15078279,9784.96546057,247823.09357089
"376",2017-11-08 02:45:18,813999,813657,813999,0.3427,59.2478969,12488.85328329,9769.96546057,247838.09357089
"377",2017-11-08 02:45:19,813657,813777,813999,10,56.0478969,12499.04028361,9766.76546057,247841.38834147
"378",2017-11-08 02:45:20,813777,813777,813998,27.9,0.8774,12506.44228133,9756.44286205,247856.20029147
"379",2017-11-08 02:45:21,813999,813780,813999,0.099,38.4852969,12520.79678133,9755.21086244,247861.40429147
"380",2017-11-08 02:45:22,813999,813778,813999,0.53670032,33.5852969,12513.81868141,9750.03386244,247856.93992147
"381",2017-11-08 02:45:23,814008,814008,814036,14.059,0.01,12528.98868165,9712.45056553,247876.32092147
"382",2017-11-08 02:45:24,814008,814008,814077,13.559,0.002,12530.34248133,9710.37396553,247876.13192147
"383",2017-11-08 02:45:25,814409,814008,814409,15.49670032,8.30400347,12536.50918193,9708.12196653,247878.4453754
"384",2017-11-08 02:45:26,814409,814077,814410,0.03,12,12510.87294629,9701.93496306,247882.97347786
"385",2017-11-08 02:45:27,814409,814101,814409,0.03,0.50000074,12403.1364356,9723.7080638,247883.81654115
"386",2017-11-08 02:45:28,814409,814101,814242,0.03,3,12385.13063463,9793.28188479,247883.81442115
"387",2017-11-08 02:45:29,814242,814101,814242,0.03,2.38,12385.97443387,9816.2897843,247883.90752115
"388",2017-11-08 02:45:30,814409,814086,814409,0.03,0.65982074,12384.7374346,9843.53458455,247890.20752115
"389",2017-11-08 02:45:31,814409,814101,814409,5,0.65982074,12421.66673362,9903.36258504,247887.70752115
"390",2017-11-08 02:45:32,814101,814101,814404,4.3,2,12422.83013362,9878.99728677,247887.41451946
"391",2017-11-08 02:45:33,814101,814106,814400,0.005,5,12469.17853362,9897.08138578,247887.91571946
"392",2017-11-08 02:45:34,814410,814252,814410,0.204,5.44512074,12480.67813362,9836.34418765,247902.89464946
"393",2017-11-08 02:45:35,814410,814252,814410,0.204,5.2503209,12417.40823387,9911.65688707,247903.0994493
"394",2017-11-08 02:45:36,814410,814252,814399,0.204,0.4497,12386.40073412,9932.03568757,247903.0994493
"395",2017-11-08 02:45:37,814252,814101,814404,4.3,10,12365.51473485,9904.10566667,247902.1845993
"396",2017-11-08 02:45:38,814101,814259,814404,0.69,10,12363.50273497,9900.47566667,247899.98221221
"397",2017-11-08 02:45:39,814101,814259,814349,0.69,5,12369.90063545,9905.22436667,247900.98221221
"398",2017-11-08 02:45:40,814101,814101,814349,2.93460012,5,12364.34933398,9905.97566568,247904.98114221
"399",2017-11-08 02:45:41,814348,814104,814348,0.6,0.3562,12284.08233447,9904.33186568,247906.64934221
"400",2017-11-08 02:45:42,814100,814086,814100,0.03,8.86839988,12284.75673314,9904.89216408,247909.64694233
"401",2017-11-08 02:45:43,814203,814203,814349,0.27230282,5,12294.88635645,9895.0631642,247917.57364196
"402",2017-11-08 02:45:44,813595,813597,813707,1.1753,0.1,12276.75483265,9907.05322954,247918.61364196
"403",2017-11-08 02:45:45,814000,813597,814000,1.1753,0.403,12270.55783265,9907.26822954,247919.71827576
"404",2017-11-08 02:45:46,813595,813596,813999,0.60000049,1.2,12278.55133344,9914.25223152,247917.35997576
"405",2017-11-08 02:45:47,813595,813600,813999,0.02,1.2,12296.01733393,9846.06222929,247907.35690576
"406",2017-11-08 02:45:48,813595,813600,813998,0.02,0.2031,12314.8615349,9863.5640139,247907.87628929
"407",2017-11-08 02:45:49,813595,813605,813774,0.005,0.01,12313.29463393,9866.77401391,247905.87523929
"408",2017-11-08 02:45:50,814101,813774,814000,0.00719975,1,12301.47193392,9860.57301369,247902.87323929
"409",2017-11-08 02:45:51,814101,813774,813999,0.00719975,2,12305.69693514,9862.48301369,247898.47223929
"410",2017-11-08 02:45:52,813998,813774,813998,0.00719975,1.15,12310.78893514,9865.96051419,247899.08243929
"411",2017-11-08 02:45:53,813622,813623,813861,1.7549,0.01,12308.67863489,9869.74701394,247886.11243929
"412",2017-11-08 02:45:54,813894,813627,813894,0.005,4.704,12302.95693558,9863.04101369,247885.58108688
"413",2017-11-08 02:45:55,813623,813622,813623,0.46519975,1.2401,12297.67333558,9871.75921394,247887.29097088
"414",2017-11-08 02:45:56,813893,813623,813894,0.05,4.704,12309.34333582,9859.1191127,247888.64877145
"415",2017-11-08 02:45:57,813622,813623,813894,0.6,4.704,12304.88433534,9574.5072127,247887.13282145
"416",2017-11-08 02:45:58,813623,813624,813733,0.3333,0.01,12290.60233583,9543.53901146,247885.3143212
"417",2017-11-08 02:45:59,813625,813625,813733,0.4,0.01,12275.75913534,9545.87401245,247882.3143212
"418",2017-11-08 02:46:00,813625,813625,813733,0.3743,0.01,12292.51143632,9545.21881319,247879.8143212
"419",2017-11-08 02:46:01,813625,813625,813652,0.3743,0.01,12299.12143705,9507.23881319,247863.15051023
"420",2017-11-08 02:46:02,813894,813500,813894,0.101,0.43390124,12312.95214088,9504.20481394,247789.97705402
"421",2017-11-08 02:46:03,813894,813500,813894,0.101,0.43390124,12311.74613941,9510.60481419,247788.20705329
"422",2017-11-08 02:46:04,813999,813500,813567,0.101,0.005,12321.35494088,9514.90981444,247787.5658798
"423",2017-11-08 02:46:05,813623,813500,813623,0.101,1.105,12327.94504039,9517.86605009,247780.88398201
"424",2017-11-08 02:46:06,813623,813501,813623,0.4921,6.00020016,12317.5460399,9521.16224965,247774.6787816
"425",2017-11-08 02:46:07,813623,813500,813622,0.101,1.3916,12312.22493966,9519.81761523,247772.6087816
"426",2017-11-08 02:46:08,813622,813500,813622,0.03,1.3866,12316.8424399,9514.31261325,247760.81173087
"427",2017-11-08 02:46:09,813271,813270,813621,5,0.06,12309.32424066,9518.56541424,247738.69563087
"428",2017-11-08 02:46:14,813299,812980,813000,0.1,6.22076001,12268.31981845,9545.6915099,247768.09361262
"429",2017-11-08 02:46:19,812950,812901,812950,0.01190309,1.44899968,12247.66081918,9515.42031091,247793.90765043
"430",2017-11-08 02:46:20,812950,812856,812950,0.19925212,17,12242.84891609,9542.0216124,247797.80497443
"431",2017-11-08 02:46:21,812950,812856,812901,0.19925212,5,12241.88123609,9502.54361009,247798.10428489
"432",2017-11-08 02:46:22,812901,812856,812949,0.19925212,2.4871,12239.9402356,9502.54437518,247775.46546489
"433",2017-11-08 02:46:23,812800,812800,812900,0.01925212,1.0097,12242.64123536,9507.64907592,247771.99346393
"434",2017-11-08 02:46:24,812700,812700,812856,0.47925212,0.6992,12231.43969444,9513.0174237,247767.41932393
"435",2017-11-08 02:46:25,812856,812810,812855,0.215,1.5097,12229.54119444,9536.83782445,247766.95313423
"436",2017-11-08 02:46:26,812701,812539,812595,3.83715212,4.83,12229.69409493,9537.61552502,247768.33663552
"437",2017-11-08 02:46:27,812188,812188,812859,0.23731524,0.28784788,12224.02162232,9543.4226729,247756.08380353
"438",2017-11-08 02:46:28,811800,811800,812323,38.22977295,0.2,12217.04794281,9542.41007226,247771.54924792
"439",2017-11-08 02:46:29,812188,812188,812202,0.01769907,0.03,12212.84364188,9533.39582795,247772.08041469
"440",2017-11-08 02:46:30,811800,811801,812202,0.60000049,0.03,12227.17794379,9529.08082721,247772.03441605
"441",2017-11-08 02:46:31,811800,811800,812450,32.1997749,0.082,12210.01394525,9521.59682622,247780.50014663
"442",2017-11-08 02:46:32,812304,811991,812304,2.1435,0.222,12208.38664525,9509.17682622,247780.55614663
"443",2017-11-08 02:46:33,812851,811991,812581,1.0435,0.44,12205.78664525,9488.64406212,247781.43793817
"444",2017-11-08 02:46:34,812449,811992,812449,1.00215212,0.78990033,12211.10256605,9483.78663559,247781.11550676
"445",2017-11-08 02:46:35,812449,811992,812396,0.84215212,0.01,12217.93556703,9485.28463609,247780.3525129
"446",2017-11-08 02:46:36,811993,811993,812358,0.1522,0.516,12219.54426816,9481.26073576,247785.5064429
"447",2017-11-08 02:46:43,812850,812397,812850,0.6,0.019,12329.16078382,9546.21055359,247772.19743003
"448",2017-11-08 02:46:44,812017,812017,812396,0.45,1.3986,12342.01368382,9475.85785261,247772.83777907
"449",2017-11-08 02:46:45,812398,812199,812598,1,0.01,12336.88358382,9473.35535187,247774.79537907
"450",2017-11-08 02:46:46,812199,812199,812395,0.975,0.9526,12355.1635848,9476.25725286,247772.85187907
"451",2017-11-08 02:46:47,812199,812200,812397,0.14,0.6,12346.60133317,9494.39915497,247771.04407907
"452",2017-11-08 02:46:48,812397,812200,812397,0.72132,0.55,12396.27763439,9458.21815497,247764.38187907
"453",2017-11-08 02:46:49,812199,812358,812397,5,0.55,12397.68505366,9502.73735299,247764.09030907
"454",2017-11-08 02:46:50,812199,812358,812396,5,0.5047,12417.74085366,9556.88365497,247764.08831019
"455",2017-11-08 02:46:51,812359,812359,812473,0.549,0.01,12405.87195268,9520.69335497,247763.24955037
"456",2017-11-08 02:46:52,812598,812599,812850,0.05,0.019,12467.28485146,9544.11815398,247763.66705049
"457",2017-11-08 02:46:53,812598,812599,812850,0.55,0.019,12492.4470517,9566.08375428,247764.44705049
"458",2017-11-08 02:46:54,812858,812599,812858,0.5,1.73431543,12504.32596725,9470.47175354,247765.84205049
"459",2017-11-08 02:46:55,812600,812600,812699,0.389199,0.01,12513.81836107,9443.74509304,247765.50544839
"460",2017-11-08 02:46:56,812601,812601,812699,0.3557995,0.009,12518.13586157,9440.5185318,247765.74673124
"461",2017-11-08 02:46:57,812601,812598,812699,1.98,0.009,12517.76106207,9440.67853279,247758.61093271
"462",2017-11-08 02:46:58,812858,812602,812858,0.509,0.265,12507.99506231,9440.78453279,247759.06361534
"463",2017-11-08 02:46:59,812602,812602,812858,1.007,0.265,12508.98640156,9440.78453279,247759.69297658
"464",2017-11-08 02:47:00,812859,812859,813622,2.70068161,11.63958136,12511.4494427,9441.88521786,247766.43192315
"465",2017-11-08 02:47:01,812859,812859,812999,0.7105789,4.80000222,12502.76504023,9447.38522008,247767.82002578
"466",2017-11-08 02:47:02,812973,812859,812999,0.7105789,4.80000222,12505.4652395,9440.34564021,247769.67495578
"467",2017-11-08 02:47:03,812947,812859,812947,0.7105789,0.30140443,12496.81507694,9453.44604468,247770.8750137
"468",2017-11-08 02:47:04,812947,812859,812947,0.7105789,0.30140443,12496.76080391,9469.66664837,247770.8750137
"469",2017-11-08 02:47:05,812947,812864,812947,0.005,0.30140443,12497.00522599,9469.16664788,247767.72318188
"470",2017-11-08 02:47:06,812946,812864,812946,0.005,0.5004,12500.92782672,9463.89454516,247762.85319188
"471",2017-11-08 02:47:07,812947,812800,812947,0.001,0.29980443,12503.59962648,9463.23154516,247761.35619188
"472",2017-11-08 02:47:08,812947,812800,812947,0.001,0.29980443,12510.16280599,9454.16054426,247761.29619188
"473",2017-11-08 02:47:09,812599,812397,812595,0.03,3.0075,12518.52030525,9466.40500443,247762.26604188
"474",2017-11-08 02:47:10,812595,812397,812595,0.03,1.9881,12514.72030501,9465.67560443,247762.97216396
"475",2017-11-08 02:47:11,812595,812397,812594,0.03,1.3948,12534.45471518,9468.88950418,247763.40699108
"476",2017-11-08 02:47:12,812594,812397,812594,0.03,1.3448,12517.4880142,9471.85950813,247763.42099108
"477",2017-11-08 02:47:13,812594,812520,812593,0.01,0.55,12517.25360501,9472.95324179,247764.0782515
"478",2017-11-08 02:47:14,812595,812520,812594,0.01,0.55,12511.81782528,9471.84944154,247767.0702515
"479",2017-11-08 02:47:15,813163,812594,813163,0.8047,0.69490148,12510.3444915,9466.74944104,247765.2019515
"480",2017-11-08 02:47:16,812594,812848,813162,0.8929,1.3806,12508.4326915,9469.83514055,247762.31025253
"481",2017-11-08 02:47:17,812594,812849,813161,0.55,0.43,12510.0897915,9459.62434005,247762.30920253
"482",2017-11-08 02:47:18,813609,812520,813607,2e-04,1.0548,12518.1309915,9469.92914104,247756.86131008
"483",2017-11-08 02:47:19,812400,812400,812997,2e-04,0.27490148,12529.02999272,9471.65404252,247758.39861008
"484",2017-11-08 02:47:20,812400,812400,812997,2e-04,0.27490148,12453.15909223,9471.9812435,247758.77730068
"485",2017-11-08 02:47:21,812997,812997,813458,4.72509852,0.36666124,12470.13550453,9472.97420303,247759.15370216
"486",2017-11-08 02:47:22,812997,812997,813458,5.09999852,0.36666124,12459.92999271,9463.38270081,247757.08170216
"487",2017-11-08 02:47:23,812997,812997,813202,4.82509852,0.01,12460.51909197,9471.88996665,247737.08170216
"488",2017-11-08 02:47:24,812997,812997,813202,3.19349852,0.01,12458.58749099,9471.90466615,247741.58064216
"489",2017-11-08 02:47:25,812997,813002,813070,0.005,0.3,12429.29249099,9472.23196837,247725.42068317
"490",2017-11-08 02:47:26,812997,812997,813070,8.19349852,0.3,12423.18749075,9473.6277664,247720.90863317
"491",2017-11-08 02:47:27,812997,812997,813070,8.19149852,0.3,12426.45149026,9474.00086664,247719.82001933
"492",2017-11-08 02:47:28,812997,812998,813070,0.6,0.3,12428.82249075,9474.62686664,247719.32001933
"493",2017-11-08 02:47:29,813007,813007,813070,5,0.297,12431.34049075,9478.61480165,247718.55382103
"494",2017-11-08 02:47:30,813007,813008,813070,0.6,0.297,12432.80450594,9475.3928014,247718.52762069
"495",2017-11-08 02:47:31,813394,813070,813393,0.2178,0.25,12436.95420814,9474.86120239,247716.74832069
"496",2017-11-08 02:47:32,813393,813008,813393,5,1.2293,12441.56420887,9475.1065019,247717.85492069
"497",2017-11-08 02:47:33,813393,813009,813392,0.2369,1.64000099,12438.14210741,9486.28350264,247716.43660079
"498",2017-11-08 02:47:34,813393,813009,813391,0.2359,0.34,12428.16947756,9500.93650264,247718.11012078
"499",2017-11-08 02:47:35,813393,813014,813391,0.005,1.1800005,12434.54664718,9504.40350115,247717.10922078
"500",2017-11-08 02:47:36,813018,813018,813299,3.818,0.06,12437.67274718,9518.84790238,247715.57522078
"501",2017-11-08 02:47:37,813299,813018,813299,3.818,0.5,12440.31324715,9521.15020238,247715.5761715
"502",2017-11-08 02:47:38,813018,813018,813299,2.298,2.0828,12435.59324617,9516.63000164,247715.5021715
"503",2017-11-08 02:47:39,813018,813019,813298,0.6,1.9081,12438.34324715,9519.11630228,247714.99437308
"504",2017-11-08 02:47:40,813298,813023,813296,0.005,0.6,12431.46724666,9500.22230228,247714.42540308
"505",2017-11-08 02:47:41,813296,813023,813296,0.005,0.16,12426.62454642,9489.83430203,247710.59652006
"506",2017-11-08 02:47:42,813019,813008,813295,5,0.24,12425.88915898,9485.72336762,247708.30016227
"507",2017-11-08 02:47:43,813019,813021,813294,0.44,0.24,12429.01395898,9480.02636712,247703.38409443
"508",2017-11-08 02:47:44,813019,813021,813294,0.44,0.66,12427.17246046,9479.23636712,247697.49866227
"509",2017-11-08 02:47:45,813293,813021,813292,1.2557,0.5,12427.18126046,9476.61016466,247696.64196227
"510",2017-11-08 02:47:46,813008,813025,813292,0.005,0.72,12434.80626095,9477.83016515,247692.68319227
"511",2017-11-08 02:47:47,813008,813022,813290,0.8512,0.5,12435.23616119,9470.05696663,247691.09584131
"512",2017-11-08 02:47:48,813008,813023,813289,0.439,0.24,12428.55986022,9479.27096688,247659.45194131
"513",2017-11-08 02:47:49,812997,812997,813289,3.43712805,1.00100074,12419.17770131,9479.98436663,247666.57051326
"514",2017-11-08 02:47:50,812997,813028,813288,0.005,2.4496,12435.030689,9473.97616813,247640.27151326
"515",2017-11-08 02:47:51,812998,812998,813286,0.044,0.5,12434.341689,9472.80576957,247640.62831212
"516",2017-11-08 02:47:52,812800,812898,812988,0.05,0.01,12463.76396095,9460.78756719,247639.87299114
"517",2017-11-08 02:47:53,812800,812898,812988,0.05,0.01,12468.0799607,9475.35816867,247624.82439114
"518",2017-11-08 02:47:54,812800,812898,812988,0.05,0.01,12464.30046119,9477.95896981,247623.92899114
"519",2017-11-08 02:47:55,812800,812898,812988,0.05,0.01,12465.19046143,9482.80897154,247623.80037503
"520",2017-11-08 02:47:56,812488,812489,812988,0.19,0.008,12466.0177617,9481.37026981,247624.38727528
"521",2017-11-08 02:47:57,812201,812488,812826,0.28,0.549,12466.04676023,9476.78726882,247627.36507503
"522",2017-11-08 02:47:58,812201,812489,812826,0.6942,0.549,12466.48096023,9464.80726734,247627.36145556
"523",2017-11-08 02:47:59,812201,812489,812825,0.6942,0.39320114,12462.78315047,9537.88536661,247627.76125556
"524",2017-11-08 02:48:00,812201,812202,812825,0.12,2.43500114,12463.54507901,9488.45656661,247625.45082751
"525",2017-11-08 02:48:01,812201,812202,812825,0.12,2.0418,12458.77507877,9483.06336547,247619.55082678
"526",2017-11-08 02:48:02,812201,812490,812824,0.1183,0.39320114,12469.30379255,9482.85656661,247619.14976451
"527",2017-11-08 02:48:03,812700,812203,812500,0.1292,10,12460.11427975,9499.31906735,247618.59656359
"528",2017-11-08 02:48:04,812700,812204,812499,0.1495,1.5441,12468.22357877,9492.60566695,247618.58856359
"529",2017-11-08 02:48:05,812204,812204,812489,0.0495,2.4,12462.34965073,9500.1988676,247615.35023014
"530",2017-11-08 02:48:06,812489,812203,812488,0.18,2.0873,12465.01115048,9512.95106957,247614.40223014
"531",2017-11-08 02:48:07,812489,812204,812487,2,1.4856,12466.94815048,9513.99616917,247613.96703014
"532",2017-11-08 02:48:08,812487,812204,812486,2,0.6,12466.90815048,9501.98937028,247583.38373014
"533",2017-11-08 02:48:09,812487,812205,812486,0.24,0.6,12466.11815048,9505.12736955,247583.124811
"534",2017-11-08 02:48:10,812204,812241,812486,0.5,0.39320114,12468.68275807,9503.7087693,247583.574811
"535",2017-11-08 02:48:11,812204,812241,812486,0.5,0.39320114,12468.12795807,9501.76457533,247583.550011
"536",2017-11-08 02:48:12,812489,812370,812400,0.01,2,12459.08055831,9503.80937444,247583.551011
"537",2017-11-08 02:48:13,812489,812370,812400,0.01,2,12455.54455929,9503.20357533,247583.091111
"538",2017-11-08 02:48:14,812400,812243,812400,0.18,0.19999951,12454.57555929,9502.26037395,247585.27011149
"539",2017-11-08 02:48:15,812400,812244,812395,0.0634,0.005,12458.56895856,9492.10857484,247583.32721096
"540",2017-11-08 02:48:16,812400,812242,812395,0.0662,0.005,12459.72217087,9498.11057509,247583.46494123
"541",2017-11-08 02:48:17,812242,812375,812399,0.05,0.34320114,12460.13178167,9500.28257354,247581.70863806
"542",2017-11-08 02:48:18,812242,812375,812399,0.05,0.34320114,12457.60987765,9500.28257354,247581.44663806
"543",2017-11-08 02:48:19,812399,812375,812399,0.05,0.32750114,12456.37187667,9503.48787404,247581.14592405
"544",2017-11-08 02:48:20,812375,812375,812399,0.048,0.02650114,12461.76687691,9496.9018733,247581.13787405
"545",2017-11-08 02:48:21,812486,812389,812486,0.203,0.105,12461.54507523,9526.63267364,247552.37968141
"546",2017-11-08 02:48:22,812486,812389,812486,0.203,0.104,12461.51177572,9525.84497289,247550.97495511
"547",2017-11-08 02:48:23,812896,812389,812896,0.203,0.559,12461.96276758,9519.99827461,247535.56488511
"548",2017-11-08 02:48:24,813000,812486,813000,0.00479884,0.34860686,12459.77637763,9519.93567361,247536.07198511
"549",2017-11-08 02:48:25,812603,812486,812603,0.00179884,0.049,12464.45689515,9522.02397311,247536.21498511
"550",2017-11-08 02:48:26,812603,812486,812603,0.00179884,0.049,12464.52869401,9522.48887311,247511.19498511
"551",2017-11-08 02:48:27,812603,812569,812603,0.01,0.049,12455.88219352,9521.09347311,247510.28899711
"552",2017-11-08 02:48:28,812569,812570,812603,0.0111,0.049,12452.18529352,9521.13527341,247509.95951211
"553",2017-11-08 02:48:29,812569,812570,812603,0.0111,0.049,12424.66629254,9525.37127341,247509.23991211
"554",2017-11-08 02:48:30,812569,812569,812603,0.009,0.049,12424.66509254,9525.03577194,247505.11991211
"555",2017-11-08 02:48:31,812569,812569,812603,0.009,0.049,12431.60179254,9520.3524712,247505.11991211
"556",2017-11-08 02:48:32,812569,812569,812603,0.009,0.049,12443.31219254,9525.83947219,247504.57919307
"557",2017-11-08 02:48:33,812569,812486,812569,0.00179884,0.77382,12443.80511033,9525.56429194,247502.23150635
"558",2017-11-08 02:48:34,812603,812486,812603,0.00179884,0.03382,12440.15611107,9525.13929344,247496.94540238
"559",2017-11-08 02:48:35,812889,812486,812869,0.00179884,0.002,12449.07281107,9529.02197319,247497.70040238
"560",2017-11-08 02:48:36,812887,812698,812887,0.00179896,0.452,12448.84139825,9527.6319722,247477.71710238
"561",2017-11-08 02:48:37,812887,812698,812887,0.00179896,1.6651,12435.83100832,9529.9810727,247477.66510238
"562",2017-11-08 02:48:38,812887,812698,812886,0.00179896,0.45,12438.2010093,9532.4110732,247477.63510238
"563",2017-11-08 02:48:39,812886,812698,812885,0.00179896,0.5,12440.40270979,9529.8902727,247456.85403238
"564",2017-11-08 02:48:40,812886,812698,812885,0.00179896,0.6,12437.08561052,9531.1689727,247456.85298238
"565",2017-11-08 02:48:41,812885,812698,812884,0.00179896,0.5,12453.95271003,9545.97127467,247441.54760805
"566",2017-11-08 02:48:42,812885,812698,812883,0.00179896,0.6,12453.99171003,9537.34797319,247438.89666855
"567",2017-11-08 02:48:43,812885,812486,812883,0.00179884,0.6,12455.66930052,9558.05697199,247435.03076928
"568",2017-11-08 02:48:44,812883,812469,812883,0.002,0.14,12456.00809952,9572.60897282,247432.62573137
"569",2017-11-08 02:48:45,812883,812469,812883,0.002,0.42,12452.13749952,9585.37727381,247430.68442942
"570",2017-11-08 02:48:46,812883,812701,812883,0.01,0.74,12452.21749952,9587.36737381,247430.66908891
"571",2017-11-08 02:48:47,812883,812701,812883,0.01,0.74,12449.79139879,9568.89447342,247427.95110672
"572",2017-11-08 02:48:48,812883,812701,812800,0.01,0.36,12448.54039781,9563.04747317,247426.33860667
"573",2017-11-08 02:48:49,812883,812701,812799,0.01,0.5,12449.89399879,9797.73647416,247426.30860667
"574",2017-11-08 02:48:50,812883,812701,812800,0.01,0.36,12460.15829879,9782.70767391,247414.60610667
"575",2017-11-08 02:48:51,812883,812799,812800,0.00179996,0.36,12464.82109948,9791.5628752,247414.57610667
"576",2017-11-08 02:48:52,812883,812799,812800,0.00179996,0.36,12464.02790021,9790.42961011,247414.05570667
"577",2017-11-08 02:48:53,812883,812799,812800,0.00179996,0.36,12461.69129923,9788.02960961,247414.05570667
"578",2017-11-08 02:48:54,812799,812799,812800,9.8e-07,0.36,12456.01809976,9783.98970788,247408.23429305
"579",2017-11-08 02:48:55,812426,812767,812799,0.04200098,0.24176509,12459.39801927,9784.26147223,247409.38186418
"580",2017-11-08 02:48:56,812799,812767,812799,0.04200098,0.23576509,12458.46240896,9782.84987223,247409.37986418
"581",2017-11-08 02:48:57,812427,812427,812799,0.1,0.83396533,12452.62921878,9814.81137247,247400.95565742
"582",2017-11-08 02:48:58,812427,812427,812799,0.1,0.37576509,12451.65921854,9814.85317297,247400.35571741
"583",2017-11-08 02:48:59,812797,812427,812797,0.7103,0.49850033,12453.5766979,9817.60687313,247399.78337335
"584",2017-11-08 02:49:00,812797,812427,812796,0.36,0.59820024,12457.9263979,9812.24527256,247399.71337335
"585",2017-11-08 02:49:01,812797,812432,812727,0.005,0.002,12463.60469814,9808.34727132,247399.52009308
"586",2017-11-08 02:49:02,812797,812432,812727,0.005,0.002,12474.83079863,9812.40187082,247399.51859411
"587",2017-11-08 02:49:03,812797,812432,812727,0.005,0.002,12474.67749863,9792.76687082,247396.43239377
"588",2017-11-08 02:49:04,812793,812432,812554,0.005,0.01,12474.24769863,9762.45247008,247394.48034369
"589",2017-11-08 02:49:05,812793,812432,812554,0.005,0.01,12474.94769863,9813.68027205,247393.47024369
"590",2017-11-08 02:49:06,812793,812434,812554,0.005,0.01,12455.3436979,9812.74127355,247392.76917369
"591",2017-11-08 02:49:07,813000,812434,812790,0.005,2.4,12470.57979912,9805.12127405,247403.34415487
"592",2017-11-08 02:49:08,812431,812544,812790,0.251,0.74,12469.82820026,9803.73627405,247403.81415487
"593",2017-11-08 02:49:09,812431,812544,812790,0.251,1.33820024,12470.26630026,9806.74847528,247403.19855487
"594",2017-11-08 02:49:10,812431,812544,812789,0.251,0.4,12472.26630026,9805.80847479,247402.58842487
"595",2017-11-08 02:49:11,812431,812544,812784,0.251,0.005,12468.46629904,9802.71527529,247402.45042487
"596",2017-11-08 02:49:12,812431,812545,812784,0.147,0.005,12478.52519904,9791.86467381,247402.44042487
"597",2017-11-08 02:49:13,812431,812545,812799,0.147,1.1,12477.57710964,9768.77357381,247391.93042487
"598",2017-11-08 02:49:14,812432,812545,812787,1.08,0.5,12478.07452173,9772.38457381,247390.92937487
"599",2017-11-08 02:49:15,812432,812545,812786,0.6,0.502,12478.19452173,9777.28657406,247390.89937487
"600",2017-11-08 02:49:16,812432,812546,812786,0.22,0.802,12461.341021,9777.87067257,247391.29633317
