"","time","lst","best_bid","best_ask","best_bid_size","best_ask_size","total_bid_depth","total_ask_depth","volume"
"1",2017-11-07 23:41:50,811211,811011,811210,0.5951,0.32,12161.20505632,9184.40678419,248340.18216371
"2",2017-11-07 23:41:51,811011,811011,811210,1.19310112,0.32,12157.05305818,9183.10678419,248340.28416259
"3",2017-11-07 23:41:52,811011,811069,811210,0.005,0.2,12174.98725916,9162.16698345,248339.78376259
"4",2017-11-07 23:41:53,811011,811011,811209,0.205,0.5,12166.56415828,9174.71008394,248340.05876259
"5",2017-11-07 23:41:54,811011,811013,811181,0.6366,1,12166.6817576,9172.1579832,248339.9906017
"6",2017-11-07 23:41:55,811011,811010,811181,0.4916,1,12164.1117571,9178.51428419,248341.97240076
"7",2017-11-07 23:41:56,811650,811011,811209,7,0.16,12168.81175736,9133.41819665,248391.57240076
"8",2017-11-07 23:41:57,811011,811200,811420,0.01,0.01190999,12162.50175736,9126.59519591,248392.66240076
"9",2017-11-07 23:42:01,811663,811211,811663,15.39200269,0.04972544,12143.90689726,9124.00189602,248414.06473765
"10",2017-11-07 23:42:02,811663,811300,811662,10,0.2105,12152.37489677,9113.96267058,248415.56538644
"11",2017-11-07 23:42:05,811840,811710,811840,0.96280115,27.3196,12153.70799784,9120.73377181,248418.02424856
"12",2017-11-07 23:42:06,811840,811710,811840,0.96280115,27.2416,12151.76969784,9120.65577181,248418.10224856
"13",2017-11-07 23:42:07,811840,811710,811840,0.10120115,25.4816,12158.95319808,9111.21306959,248421.82384856
"14",2017-11-07 23:42:08,811660,811626,811660,0.03,0.05879885,12152.26899669,9110.81226844,248423.76505068
"15",2017-11-07 23:42:09,811840,811626,811659,0.03,2,12138.31899571,9111.82026844,248423.34205068
"16",2017-11-07 23:42:10,811659,811626,811659,0.03,1.965,12135.92199547,9111.00526844,248420.37705068
"17",2017-11-07 23:42:11,811626,811408,811840,0.545,15.37355257,12132.2919962,9099.21362917,248432.36209696
"18",2017-11-07 23:42:12,811840,811408,811840,0.545,12.37355257,12133.21462899,9096.71362917,248436.03109696
"19",2017-11-07 23:42:13,811840,811408,811839,0.545,1.54,12131.43062972,9099.28362917,248436.03109696
"20",2017-11-07 23:42:14,811408,811409,811839,7,1.06,12139.31183117,9098.80362917,248436.137896
"21",2017-11-07 23:42:15,811840,811409,811838,7,0.48,12127.66183117,9103.81112917,248440.037896
"22",2017-11-07 23:42:16,811840,811410,811838,1.2,0.72,12118.10583043,9098.65232917,248443.665296
"23",2017-11-07 23:42:20,812130,811898,812129,0.03,20.1769,12122.99857513,9086.55889565,248482.08416857
"24",2017-11-07 23:42:21,812130,811898,812129,0.03,20.1769,12138.2743766,9086.55889565,248482.30216857
"25",2017-11-07 23:42:22,812128,811860,812000,8.6797,1.5084,12152.32407709,9095.9116946,248484.23216857
"26",2017-11-07 23:42:23,812129,811861,812129,7,21.53386108,12141.74437709,9094.77455618,248500.35770749
"27",2017-11-07 23:42:24,812130,811861,812130,7.71380092,3.95776006,12120.89677782,9056.96249456,248521.19084583
"28",2017-11-07 23:42:25,811999,811862,811999,1.20000073,0.2101,12120.20718516,9037.49259629,248544.03582755
"29",2017-11-07 23:42:26,812123,812130,812457,4.7533,1.65795901,12001.91928157,9047.77129703,248544.70392755
"30",2017-11-07 23:42:27,812123,812130,812456,4.7533,0.94,11995.72595361,9048.72529703,248544.53392755
"31",2017-11-07 23:42:28,812457,812130,812457,4.7533,0.58505901,12007.27565303,9047.93239728,248546.04592755
"32",2017-11-07 23:42:31,812130,812150,812452,0.2,0.01188259,11999.11718331,9041.40652724,248557.23571352
"33",2017-11-07 23:42:32,812470,812151,812451,1.9548,0.0451,11995.0441763,9035.19106343,248556.49824159
"34",2017-11-07 23:42:33,812452,812151,812452,1.9448,0.59841644,11998.73417654,9039.06296272,248561.73774515
"35",2017-11-07 23:42:34,812480,812151,812386,1.8148,1,11995.49617727,9036.81926124,248562.62774515
"36",2017-11-07 23:42:35,812151,812151,812386,1.7148,1.597,12005.610178,9039.81626297,248562.92074515
"37",2017-11-07 23:42:38,812433,812241,812433,2.5005,0.34375848,12002.62654552,9058.54941391,248572.26475617
"38",2017-11-07 23:42:39,812433,812241,812452,1.9005,15,12013.29534674,9081.0786555,248571.00851465
"39",2017-11-07 23:42:40,812452,812433,812452,0.3437,14.98,11969.46154576,9061.46285303,248567.84521465
"40",2017-11-07 23:42:41,812452,812333,812452,0.4,7.02,11989.47544683,9065.6913518,248572.50071514
"41",2017-11-07 23:42:42,812242,812417,812452,0.01,7.02,11929.42064585,9077.491355,248567.00071514
"42",2017-11-07 23:42:44,812444,812337,812392,0.107,0.08,11851.08434007,9152.68595525,248573.65059514
"43",2017-11-07 23:42:45,812444,812274,812300,1.45720049,0.7,11846.40433923,9166.83445593,248578.59307836
"44",2017-11-07 23:42:46,812130,812100,812130,0.78282,3.54468756,11829.36452807,9170.09914349,248592.8983908
"45",2017-11-07 23:42:47,812445,812423,812445,2.40000098,24.58648663,11825.86854731,9198.11200172,248602.3261908
"46",2017-11-07 23:42:48,812423,812423,812445,0.28811369,20.45648663,11823.50146002,9189.19388892,248608.06908045
"47",2017-11-07 23:42:49,812000,811955,812000,0.01,9.40904534,11809.40590609,9194.80031033,248629.44183511
"48",2017-11-07 23:42:53,812000,811700,812000,0.65,4.98,11785.10166994,9194.0798709,248651.1811857
"49",2017-11-07 23:42:54,812000,811701,812000,0.6,3.77999976,11780.9216697,9216.46087016,248652.38118594
"50",2017-11-07 23:42:55,812000,812216,812400,2.40000073,10.5,11792.28577291,9217.33277189,248656.0609857
"51",2017-11-07 23:42:56,812216,812286,812350,0.60000049,0.5,11787.88577267,9191.26877312,248656.0809857
"52",2017-11-07 23:42:57,812286,812286,812400,0.18882342,5.96,11792.1816956,9180.43567312,248661.53216277
"53",2017-11-07 23:43:00,811701,811701,812129,1.35020049,0.00188729,11788.0737912,9164.63736815,248673.04448726
"54",2017-11-07 23:43:02,812439,812217,812399,0.047,0.6,11804.69379243,9170.60656963,248677.44737539
"55",2017-11-07 23:43:05,812132,812131,812133,6.08718,0.353,11806.62397292,9156.72485892,248676.93519539
"56",2017-11-07 23:43:06,812132,812131,812133,6.08718,0.853,11808.11297414,9163.95558112,248676.93519539
"57",2017-11-07 23:43:08,812133,812133,812399,0.18120104,5.99,11798.22699401,9170.86899754,248684.09779435
"58",2017-11-07 23:43:09,812133,812133,812399,0.18120104,5.99,11796.84699499,9175.45499704,248684.09779435
"59",2017-11-07 23:43:10,812399,812300,812398,0.3,2.40000099,11797.51279395,9178.30459902,248687.06179435
"60",2017-11-07 23:43:11,812399,812300,812359,0.3,1,11798.7853942,9164.56529803,248685.6831786
"61",2017-11-07 23:43:12,812133,812133,812359,0.3,1,11805.28539395,9167.07259853,248685.5831786
"62",2017-11-07 23:43:13,812001,812001,812217,0.506,0.60000099,11806.61439444,9172.83660026,248689.6771786
"63",2017-11-07 23:43:15,812190,812190,812216,0.49,7,11798.40659223,9174.59518161,248686.45399539
"64",2017-11-07 23:43:18,811701,811817,812000,4.861,0.094,11841.65149345,9163.6126963,248692.72369539
"65",2017-11-07 23:43:19,811701,811817,812000,4.861,0.094,11839.22849272,9163.6136964,248692.72369539
"66",2017-11-07 23:43:22,811645,811818,812038,1.698,0.517,11878.73899272,9173.25089844,248702.09639539
"67",2017-11-07 23:43:23,811645,811818,812038,1.698,0.517,11883.61899346,9173.25089795,248702.10639539
"68",2017-11-07 23:43:24,811819,811645,811817,4.27298337,0.14,11879.20099322,9157.9748977,248704.36439539
"69",2017-11-07 23:43:27,811500,811500,811812,0.50269657,0.005,11891.85300593,9167.74208078,248716.96268268
"70",2017-11-07 23:43:28,811500,811500,811812,0.50269657,0.005,11891.85300593,9181.00308103,248716.96268268
"71",2017-11-07 23:43:32,811647,811647,811700,0.17310163,0.69899163,11845.62670673,9187.26618189,248708.79988991
"72",2017-11-07 23:43:34,811500,811402,811647,0.32,0.265,11820.7509078,9163.26008001,248709.09588811
"73",2017-11-07 23:43:35,811500,811402,811647,0.32,0.265,11808.5409078,9175.26008001,248707.05638698
"74",2017-11-07 23:43:36,811511,811511,811647,0.05999951,0.265,11808.62190857,9181.43946001,248707.65638698
"75",2017-11-07 23:43:37,811647,811403,811699,0.78,0.6,11819.57890955,9191.09546075,248708.63638698
"76",2017-11-07 23:43:39,811103,811401,811403,0.32,0.1231,11812.17160758,9174.68365994,248714.62318698
"77",2017-11-07 23:43:40,811103,811103,811402,5.59775718,6.98362,11816.62860832,9178.73102585,248714.62318698
"78",2017-11-07 23:43:41,811103,811401,811402,0.5,6.98362,11814.80860808,9175.89102585,248710.54318698
"79",2017-11-07 23:43:42,811103,811103,811402,4.93775718,6.88362,11827.58261003,9176.72792659,248711.78318698
"80",2017-11-07 23:43:45,811103,811103,811200,3.89775718,0.15,11855.72960929,9174.36865029,248718.48798612
"81",2017-11-07 23:43:46,811103,811104,811200,0.32,0.15,11856.04960929,9174.36865029,248718.48798612
"82",2017-11-07 23:43:47,811105,811105,811401,1,0.6,11856.30960929,9170.55994412,248719.30426783
"83",2017-11-07 23:43:48,811105,811104,811400,0.12,0.37882086,11818.50960832,9175.54116474,248715.20126783
"84",2017-11-07 23:43:50,811000,810997,810999,0.05,0.03,11812.85785237,9183.57628646,248725.44935149
"85",2017-11-07 23:43:53,811345,811345,811433,0.06505718,0.4,11864.79380911,9116.45292873,248726.98579431
"86",2017-11-07 23:43:54,811000,810997,811000,0.025,8.92574307,11960.75035242,9119.5104723,248725.62465117
"87",2017-11-07 23:43:55,811000,810917,811000,0.012,8.62574307,11991.79575316,9102.10070883,248724.35538117
"88",2017-11-07 23:43:57,811000,810868,810994,8.422,0.37882086,11974.67045141,9105.38600836,248726.66428125
"89",2017-11-07 23:43:58,811000,810869,810994,1.3366,0.37882086,11975.06405141,9089.64000836,248724.66428125
"90",2017-11-07 23:43:59,811000,810870,810994,0.59,0.37882086,11977.93405141,9081.89900726,248723.94228125
"91",2017-11-07 23:44:00,810869,810869,811000,0.6,7.87834299,11975.33165185,9084.49538788,248717.64228125
"92",2017-11-07 23:44:01,810868,810868,810999,7.922,1.65242086,11972.15365234,9078.56160874,248711.17488125
"93",2017-11-07 23:44:02,810999,810871,810999,0.9128,0.37882086,11968.69045087,9066.288008,248711.05288125
"94",2017-11-07 23:44:03,811000,810880,810935,2,0.017,11971.65045136,9069.49138885,248709.54768029
"95",2017-11-07 23:44:04,811000,810880,810935,2,0.017,11971.42045286,9054.69138885,248706.0937934
"96",2017-11-07 23:44:05,811000,810900,810935,1,0.017,11971.02045262,9055.02138786,248706.05275533
"97",2017-11-07 23:44:06,811000,810900,811000,1,2.83754444,11970.10765262,9055.9485881,248706.04625484
"98",2017-11-07 23:44:07,810900,810900,810999,0.98,0.6,11958.68765188,9056.24846929,248703.56625484
"99",2017-11-07 23:44:08,810900,810901,810999,0.4433,0.6,11959.43195218,9056.67846929,248701.70261331
"100",2017-11-07 23:44:09,811000,810901,811000,7,2.99514444,11963.9886512,9053.43606929,248701.95701888
"101",2017-11-07 23:44:10,811970,811000,811970,1.30485556,2.70200075,11991.89350847,9051.92292799,248711.26816332
"102",2017-11-07 23:44:11,812009,811850,811969,8.64349987,2.4000005,12011.39420833,9049.98812635,248714.17656332
"103",2017-11-07 23:44:12,811895,811895,811969,0.295,4.86000075,12029.27138711,9051.8481271,248714.86938332
"104",2017-11-07 23:44:15,812400,812201,812400,1.17,0.66179667,12005.10938358,9006.11363766,248737.3655836
"105",2017-11-07 23:44:16,812500,812201,812500,1.17,2.78179741,12004.82938236,8995.45363815,248737.18566658
"106",2017-11-07 23:44:17,812500,812263,812500,0.03,1.68078904,12011.67938407,9005.85263077,248738.44067035
"107",2017-11-07 23:44:19,812600,812600,812637,0.53,0.03478904,12016.48742285,9004.01763085,248735.35227182
"108",2017-11-07 23:44:20,812662,812600,812662,1.53,0.65298904,12016.31298612,9000.72583011,248736.94407182
"109",2017-11-07 23:44:21,812600,812600,812699,2.51810531,0.95299003,11998.69677154,8991.44583036,248739.72713768
"110",2017-11-07 23:44:22,812897,812600,812897,2.64454531,0.60215446,12000.51321106,8990.43772564,248747.97569768
"111",2017-11-07 23:44:23,812850,812678,812850,0.03,0.44,11995.41513736,8998.28767331,248748.40969768
"112",2017-11-07 23:44:28,812898,812605,812898,0.005,0.76385446,12005.91293761,9000.19737257,248737.38962451
"113",2017-11-07 23:44:32,812662,812663,812800,7,0.30039379,12012.57953597,9004.72086784,248721.12272644
"114",2017-11-07 23:44:33,812662,812662,812800,23.735,0.30039379,12000.5795933,9006.13866784,248730.61022706
"115",2017-11-07 23:44:34,812898,812662,812898,3.735,0.03424825,11979.57739427,9010.6586666,248747.51343023
"116",2017-11-07 23:44:35,812800,812663,812898,0.015,0.03424825,11988.89039406,9011.78866685,248713.60942881
"117",2017-11-07 23:44:36,812925,812662,812799,3.735,1.9849,11976.8763942,9010.28356685,248711.38272881
"118",2017-11-07 23:44:37,812602,812578,812602,7.60567987,1.62180143,11973.0313942,9003.66786828,248714.03822642
"119",2017-11-07 23:44:38,812578,812400,812662,0.02,0.7,11965.42571433,9009.09786902,248717.89962311
"120",2017-11-07 23:44:41,812662,812361,812661,4.60565556,0.32,11967.60538942,9037.27606952,248696.02927262
"121",2017-11-07 23:44:44,812361,812400,812603,0.52,7,11980.29358857,9024.62087629,248689.51037262
"122",2017-11-07 23:44:45,812400,812400,812505,0.47,0.01,11979.34358759,9034.47617703,248677.46037262
"123",2017-11-07 23:44:46,812400,812500,812505,0.7,0.01,11982.45458826,9028.59817703,248669.05606225
"124",2017-11-07 23:44:47,812400,812500,812505,0.7,0.01,11976.55458875,9020.83997772,248661.99201131
"125",2017-11-07 23:44:48,812505,812500,812561,1.18,0.002,11973.73458875,9020.1365664,248645.46405775
"126",2017-11-07 23:44:49,812500,812400,812602,0.47,0.08380143,11972.36126914,9029.47145413,248645.73425775
"127",2017-11-07 23:44:50,812300,812200,812300,2,1.130466,11970.18093478,9037.42900652,248651.20379175
"128",2017-11-07 23:44:51,812200,812200,812300,1.87,1.130466,11970.95093503,9041.91720608,248647.55279175
"129",2017-11-07 23:44:52,812300,812200,812300,0.87,0.630466,11995.65093405,9036.84500336,248649.05279175
"130",2017-11-07 23:44:53,812300,812200,812300,1.37,0.630466,11998.08463406,9035.31500632,248649.18779175
"131",2017-11-07 23:44:54,812300,812200,812299,1.37,0.18819857,12000.43273406,9042.52230489,248650.18779175
"132",2017-11-07 23:44:57,812200,812200,812297,0.86194531,0.32,11974.33951561,9062.54050159,248624.61216314
"133",2017-11-07 23:44:58,812201,812201,812296,9.38000049,7,11986.69831585,9071.34940308,248621.37011314
"134",2017-11-07 23:45:00,812296,812273,812296,0.01,4.99499902,12056.28821512,9088.17670303,248596.09025403
"135",2017-11-07 23:45:03,812300,812043,812300,0.0411617,0.46779879,11889.98801512,9147.20083556,248596.86794003
"136",2017-11-07 23:45:04,812300,812044,812300,7,0.46779879,11890.21501561,9147.28077307,248586.47657003
"137",2017-11-07 23:45:06,812300,812196,812200,0.01,6.5323,11882.41401683,9138.21444225,248583.18543522
"138",2017-11-07 23:45:07,812300,812196,812200,0.01,6.5323,11882.91401683,9138.21444225,248572.78535522
"139",2017-11-07 23:45:08,812200,812197,812400,7,0.00120877,11855.9121161,9131.22134954,248571.82590922
"140",2017-11-07 23:45:09,812197,812198,812400,0.5,0.00120877,11849.75401585,9133.03535201,248578.81490922
"141",2017-11-07 23:45:10,812045,812043,812045,0.0411617,0.21438,11861.16961731,9123.38133201,248548.99772922
"142",2017-11-07 23:45:11,811788,811788,812000,11.76916389,0.0611,11852.69701731,9124.17245151,248552.80272922
"143",2017-11-07 23:45:14,810742,811788,812043,0.60000024,1.0767,11819.64591829,9116.96668876,248565.03284922
"144",2017-11-07 23:45:15,811000,811501,811650,0.7732,0.02,11819.48831829,9454.2843214,248564.88691683
"145",2017-11-07 23:45:20,811788,811001,812000,3.00000122,9.27,11835.27464422,9463.30139937,248577.95651705
"146",2017-11-07 23:45:21,812000,811001,811788,3.00000122,0.4225,11838.37464422,9457.27390011,248577.20651705
"147",2017-11-07 23:45:22,810900,811003,811700,0.3,10,11837.48844446,9472.55140011,248592.42691705
"148",2017-11-07 23:45:23,810900,811003,811672,0.3,0.502,11859.85844593,9474.03450011,248592.42691705
"149",2017-11-07 23:45:24,811672,811004,811672,0.4,0.412,11855.62644421,9474.96446039,248580.39287704
"150",2017-11-07 23:45:25,811004,811200,811700,0.02,9.212,11858.61662433,9498.5331594,248600.80287804
"151",2017-11-07 23:45:26,811600,811237,811592,0.502,0.98,11861.04512433,9498.1645594,248601.82287804
"152",2017-11-07 23:45:27,810743,811238,811592,0.19,0.98,11861.22512629,9505.17956014,248610.4701418
"153",2017-11-07 23:45:28,811004,810743,811004,0.56000122,0.1801,11857.54612629,9515.50226187,248613.2401418
"154",2017-11-07 23:45:30,810460,810460,811250,0.01400122,0.02,11861.36422555,9526.82478828,248602.56612317
"155",2017-11-07 23:45:32,810268,810420,810849,0.19670174,7,11921.59962729,9497.71284876,248601.48614317
"156",2017-11-07 23:45:33,810849,810420,810849,0.19670174,5.5,11927.31091619,9496.53284876,248602.98614317
"157",2017-11-07 23:45:34,810267,810268,810849,0.3,5.5,11927.39091619,9502.17526081,248605.48614317
"158",2017-11-07 23:45:35,810267,810268,810848,0.32,0.4573,11937.29455722,9518.86856169,248610.71510263
"159",2017-11-07 23:45:36,810420,810450,810790,0.7199,0.1,11940.14245967,9517.91475947,248612.36580261
"160",2017-11-07 23:45:39,810174,810174,810290,0.4675,0.023,11918.39155894,9522.1814014,248616.5681037
"161",2017-11-07 23:45:40,810174,810174,810290,0.4675,0.023,11909.22475845,9531.16150115,248616.8681037
"162",2017-11-07 23:45:42,810449,810172,810285,2.98000122,0.005,11913.64455875,9525.8821668,248621.77230166
"163",2017-11-07 23:45:43,810200,810200,810285,8.58,0.005,11931.64455777,9526.47140247,248624.17230166
"164",2017-11-07 23:45:44,810200,810200,810259,7.54,0.10200082,12032.18195747,9512.56010157,248615.24809958
"165",2017-11-07 23:45:45,810288,810220,810288,0.001,0.37080082,12041.75555845,9504.70663879,248615.57644958
"166",2017-11-07 23:45:49,810900,810740,810900,9.31031035,2.93000321,12064.62886758,9492.07704415,248623.98781964
"167",2017-11-07 23:45:50,810789,810740,810789,7.20031035,6.84,12055.74686832,9509.36474465,248625.11777244
"168",2017-11-07 23:45:51,810789,810740,810789,7.20031035,6.75,12056.5459693,9506.6470449,248620.99439644
"169",2017-11-07 23:45:52,810740,810741,810788,0.03,0.51,12032.82486411,9492.89550123,248634.16830163
"170",2017-11-07 23:45:53,810788,810741,810788,0.03,0.482,12031.63786509,9498.08032296,248633.83861413
"171",2017-11-07 23:45:54,810740,810741,810788,0.6,0.462,12033.5162646,9494.97452271,248634.97501413
"172",2017-11-07 23:45:55,810740,810740,810788,4.47630516,0.462,12036.5790646,9487.26052221,248635.51371455
"173",2017-11-07 23:45:56,810740,810741,810790,0.6,2,12084.39624313,9498.7759597,248636.85671455
"174",2017-11-07 23:45:57,810741,810740,810790,32.97630516,2,12078.34624288,9497.49979344,248636.96111455
"175",2017-11-07 23:45:58,810740,810740,810787,32.96630516,0.019,12081.01624362,9501.04702945,248636.57011455
"176",2017-11-07 23:45:59,810742,810743,811150,2,0.93005498,12088.99624362,9500.04802959,248634.47911455
"177",2017-11-07 23:46:00,810742,810858,811149,0.499,1.48,12102.47524361,9494.34781167,248639.33241455
"178",2017-11-07 23:46:01,811149,811000,811149,21,2.4308,12133.09434459,9494.31804916,248639.32861541
"179",2017-11-07 23:46:02,811000,811000,811148,20.569,1.188,12131.05104388,9499.80725015,248637.96692787
"180",2017-11-07 23:46:03,811000,811000,811149,20.549,0.12169484,12123.79104363,9496.76894524,248635.34323303
"181",2017-11-07 23:46:06,811200,811200,811429,7.56204292,1.4470005,12131.60168631,9520.73827885,248662.23711011
"182",2017-11-07 23:46:07,811201,811201,811377,0.58,0.09,12125.00148189,9517.32251782,248661.36710915
"183",2017-11-07 23:46:08,811200,811200,811389,6.12704292,1.4,12154.92738189,9524.78661782,248661.70480819
"184",2017-11-07 23:46:09,811200,811200,811289,0.61265505,0.01,12191.43999402,9504.45691774,248658.54599702
"185",2017-11-07 23:46:10,811200,811200,811289,0.59265505,0.01,12174.81859426,9526.69724752,248658.54599702
"186",2017-11-07 23:46:11,811001,811001,811323,1.0928,1,12246.15473872,9493.88488592,248657.60649452
"187",2017-11-07 23:46:14,810752,810788,811200,13,10,12296.13143902,9441.39494506,248654.19229452
"188",2017-11-07 23:46:15,810788,810788,811109,12.99,1.04,12294.74223804,9449.43394496,248654.20229452
"189",2017-11-07 23:46:16,810788,810788,811109,12.99,1.04,12300.70143902,9437.67382851,248649.05359452
"190",2017-11-07 23:46:17,811109,811004,811109,0.7,0.94,12264.88456095,9439.38142837,248649.13959452
"191",2017-11-07 23:46:19,811000,810793,811000,0.7373,1.29409906,12274.16075898,9433.4570373,248650.82449452
"192",2017-11-07 23:46:20,811196,810793,811196,0.7373,0.09409906,12271.76075824,9434.9018994,248652.81949452
"193",2017-11-07 23:46:21,810788,810788,810900,4.32862217,1,12252.56075898,9428.05284137,248659.73182452
"194",2017-11-07 23:46:22,810788,810788,810900,4.32862217,1,12254.36675874,9432.20717491,248659.73182452
"195",2017-11-07 23:46:23,811200,810556,811196,0.22,0.64304259,12253.28675948,9431.9013591,248669.93182452
"196",2017-11-07 23:46:24,811002,810556,810850,0.22,0.02,12253.31236913,9438.06646759,248670.12982452
"197",2017-11-07 23:46:26,810899,810792,810898,0.2,2,12250.98126784,9451.27508817,248669.94782452
"198",2017-11-07 23:46:29,810323,810323,810792,0.305,0.00479904,12250.1173712,9456.01964749,248676.27712611
"199",2017-11-07 23:46:30,810898,810423,810898,1.2,1.95979904,12251.0323712,9447.32764551,248676.32212611
"200",2017-11-07 23:46:31,810270,810270,810523,7.785,0.002,12253.09437095,9447.92964576,248679.83212611
"201",2017-11-07 23:46:32,810270,810366,810523,2,0.002,12249.93096924,9453.94579146,248679.83212611
"202",2017-11-07 23:46:33,810366,810366,810523,1.5,0.002,12249.55096924,9453.98406476,248680.13212611
"203",2017-11-07 23:46:34,810180,810180,810200,20.89,5.62447879,12204.62544803,9459.60854355,248724.69764732
"204",2017-11-07 23:46:35,810200,810180,810200,19.89,3.85447879,12210.70545024,9448.2445429,248723.46824732
"205",2017-11-07 23:46:36,810270,810270,810470,0.63652121,0.1,12201.57197096,9448.50980449,248727.83372579
"206",2017-11-07 23:46:39,810860,810899,811100,0.05,0.36479904,12212.35240482,9429.1662414,248743.36352535
"207",2017-11-07 23:46:42,810522,810370,810522,36.3,0.58,12219.25912044,9420.20987951,248774.03378124
"208",2017-11-07 23:46:43,810522,810371,810522,0.62,0.58,12219.27911995,9423.98497976,248774.53378124
"209",2017-11-07 23:46:44,810370,810370,810434,35.891,0.09,12218.25151472,9438.69473547,248776.14278124
"210",2017-11-07 23:46:46,810370,810372,810523,0.62,0.32007898,12214.67101322,9458.8935561,248744.07430795
"211",2017-11-07 23:46:50,810373,810373,810523,1.3459,2,12204.89901272,9467.25697573,248732.76993954
"212",2017-11-07 23:46:51,810372,810372,810522,0.3399,0.02,12194.78401223,9466.84397573,248734.28993954
"213",2017-11-07 23:46:52,810372,810372,810522,0.3399,0.02,12214.77201272,9466.23197548,248733.36803954
"214",2017-11-07 23:46:53,810522,810522,810735,0.3731,0.0288,12217.56511371,9471.48377623,248732.98493954
"215",2017-11-07 23:46:54,810504,810400,810504,0.8,0.04,12218.9560142,9466.42377573,248731.92893954
"216",2017-11-07 23:46:57,810670,810670,810723,15.29,0.37,12235.60401297,9459.76193758,248733.66058441
"217",2017-11-07 23:46:58,810670,810670,810722,15.29,0.002,12230.72101315,9460.83499728,248733.63458441
"218",2017-11-07 23:46:59,810670,810671,810722,1.7776,0.002,12215.87881393,9497.47173963,248742.87148321
"219",2017-11-07 23:47:00,810700,810700,810722,3.9,0.002,12221.96881393,9499.86674062,248741.70748225
"220",2017-11-07 23:47:01,810700,810700,810722,3.78800042,0.002,12137.29011509,9515.65900444,248736.39048183
"221",2017-11-07 23:47:02,810671,810671,810723,2.758,0.272,12113.27711461,9510.09903987,248753.79842624
"222",2017-11-07 23:47:03,810671,810705,810722,0.005,0.5,12128.55711461,9508.32703987,248753.77582624
"223",2017-11-07 23:47:04,810689,810689,810722,14.07639986,1.0466,12127.95751447,9500.88527992,248754.96132642
"224",2017-11-07 23:47:05,810689,810689,810722,12.44229986,0.54,12126.62341447,9491.02195888,248754.5926264
"225",2017-11-07 23:47:08,810689,810689,810717,1.69798973,0.005,12123.81430603,9511.0297492,248758.58959158
"226",2017-11-07 23:47:09,810671,810671,810717,2.95598973,0.005,12120.41430578,9525.10474995,248761.58659158
"227",2017-11-07 23:47:10,810014,810014,810399,2.28619069,0.5,12114.29430652,9548.10648934,248765.83659158
"228",2017-11-07 23:47:11,810014,810014,810398,1.78619069,0.6,12122.16630774,9543.59248835,248766.33659158
"229",2017-11-07 23:47:13,810000,810014,810394,1,0.005,12077.4112048,9597.36848785,248811.77779254
"230",2017-11-07 23:47:14,810000,810113,810394,0.128,0.005,12077.5392048,9603.79728711,248811.77779254
"231",2017-11-07 23:47:15,810000,810005,810394,2,0.005,12069.3892048,9604.66993829,248821.27779254
"232",2017-11-07 23:47:16,809991,809964,809991,0.03,20.23693949,12058.87214375,9630.82687768,248830.62895186
"233",2017-11-07 23:47:17,809210,809210,809991,5.47663969,19.73693949,12017.87214375,9631.32687768,248872.12895186
"234",2017-11-07 23:47:18,809991,809801,809991,0.60000049,20.68693949,12019.45214424,9652.27687768,248874.86395186
"235",2017-11-07 23:47:19,809682,809682,809991,1.90000024,20.68693949,12016.35214448,9654.46188312,248874.3442509
"236",2017-11-07 23:47:21,809211,809211,809850,4.31100024,9.98,11993.58274451,9527.02848409,248865.2142509
"237",2017-11-07 23:47:22,809011,809011,809850,9.31844091,9.98,11963.58274451,9527.02848409,248895.2142509
"238",2017-11-07 23:47:23,809250,809250,809373,1.18,0.019,11883.23434451,9518.85633517,248882.41606764
"239",2017-11-07 23:47:24,809650,809732,809801,0.76481878,0.24085786,11874.0251655,9459.80992146,248884.18706764
"240",2017-11-07 23:47:26,809211,809211,809732,7.5985,3.4,12051.55210507,9528.32263698,248883.32685642
"241",2017-11-07 23:47:27,809251,809251,809681,0.0346,7.567,12072.09970319,9512.89423714,248882.53499388
"242",2017-11-07 23:47:28,809000,809251,809681,3,7.567,12053.81220432,9425.71739179,248901.86325974
"243",2017-11-07 23:47:29,809680,809251,809650,2.99,0.02,12028.79880585,9432.813891,248903.34408974
"244",2017-11-07 23:47:30,809680,809251,809650,2.99,0.02,12025.22880659,9427.816891,248902.00350366
"245",2017-11-07 23:47:31,809252,809252,809680,0.178,0.6,12054.12120585,9438.99979348,248901.05850366
"246",2017-11-07 23:47:32,808888,808888,809680,1.21910074,0.6,12003.61520595,9410.89285399,248951.50361586
"247",2017-11-07 23:47:33,809491,809252,809466,0.2,0.092,12002.12520448,9413.88485275,248951.2929418
"248",2017-11-07 23:47:37,809482,809482,809649,1.8787,6.889,11994.9814733,9420.12539864,248951.15741777
"249",2017-11-07 23:47:38,809482,809482,809649,0.29409592,6.889,11992.42786925,9421.93733533,248952.09702185
"250",2017-11-07 23:47:40,809252,809253,809466,0.33,0.3,12020.36717235,9386.75257802,248951.48590261
"251",2017-11-07 23:47:41,809649,809500,809649,0.10319592,5.089,12021.98036949,9375.99647394,248954.18270669
"252",2017-11-07 23:47:42,809117,809254,809500,0.6,0.78282,11991.18806925,9396.30047348,248956.68270669
"253",2017-11-07 23:47:43,809254,809200,809440,0.2,0.09,11964.51522526,9382.95467051,248954.37210669
"254",2017-11-07 23:47:44,809116,809116,809254,2.36659592,0.5,11962.73522526,9383.41039816,248956.06930669
"255",2017-11-07 23:47:45,809116,809117,809252,0.8,0.60135997,11973.85522575,9380.8049554,248953.83230669
"256",2017-11-07 23:47:47,809116,809117,809184,0.17,0.08,11935.86712533,9386.50535858,248947.34410615
"257",2017-11-07 23:47:48,809220,809220,809246,10.883,0.005,11930.47212533,9378.27469449,248943.37902029
"258",2017-11-07 23:47:49,809220,809220,809246,10.883,0.005,11930.47212533,9378.27469449,248943.55502029
"259",2017-11-07 23:47:50,809220,809220,809249,9.9902157,0.6,11948.08134051,9385.46149999,248942.32780459
"260",2017-11-07 23:47:51,809220,809220,809249,9.39021495,0.6,11940.78833803,9380.87356354,248944.49180534
"261",2017-11-07 23:47:52,809220,809220,809249,9.36021495,0.5,11940.87833803,9380.00236354,248944.62180534
"262",2017-11-07 23:47:53,809220,809220,809244,9.36021495,0.005,11955.26833976,9380.90876379,248944.67850534
"263",2017-11-07 23:47:54,809248,809220,809248,3.36021495,0.9026,11960.13334112,9371.87496379,248950.54440534
"264",2017-11-07 23:47:55,809116,809116,809248,0.56681087,0.8026,11955.08334112,9369.06496379,248954.3896063
"265",2017-11-07 23:48:00,809207,809080,809124,3.63476067,0.01,11971.33601987,9368.49725794,248939.06302551
"266",2017-11-07 23:48:01,809080,809080,809124,1.63476067,0.01,11969.05001987,9365.65325918,248940.05402551
"267",2017-11-07 23:48:02,808800,808799,808800,0.17180965,12.42413859,11963.40705823,9373.96229802,248948.30988692
"268",2017-11-07 23:48:03,808800,808799,809055,0.17180965,1.2,11954.73436304,9371.43594331,248945.08108736
"269",2017-11-07 23:48:04,808456,808456,809080,14.18810965,0.8,11953.44966328,9366.14594256,248947.83743052
"270",2017-11-07 23:48:05,808456,808482,808668,5,0.03,11952.34266525,9376.69888755,248969.07463052
"271",2017-11-07 23:48:06,808309,808309,808701,30.69460965,0.522,11937.63366526,9379.68188929,248969.36365345
"272",2017-11-07 23:48:07,808309,808600,808701,0.01,0.522,11935.10066526,9380.13369083,248966.82365345
"273",2017-11-07 23:48:08,808309,808309,808701,28.11660965,0.522,11955.07266526,9386.14449306,248967.06865345
"274",2017-11-07 23:48:09,808334,808334,808799,0.422,0.212,11978.12472685,9378.97269306,248964.96865345
"275",2017-11-07 23:48:15,808110,808110,808999,9.4710715,0.108,11903.61462874,9394.14429084,249047.70348513
"276",2017-11-07 23:48:16,808110,808110,809000,7.8084715,0.1,11902.15402874,9393.97128737,249049.76408565
"277",2017-11-07 23:48:17,808060,808000,808300,6.076,0.95,11880.72815675,9401.83808662,249056.36255715
"278",2017-11-07 23:48:18,808000,808000,808104,0.6144715,10,11876.97562628,9404.74194198,249060.88538565
"279",2017-11-07 23:48:19,807683,808001,808104,0.388,9.5,11885.12642784,9386.08389727,249061.85735305
"280",2017-11-07 23:48:20,807000,807000,808110,6.00847877,3,11830.24642784,9376.47909974,249104.24735305
"281",2017-11-07 23:48:21,807000,807000,808000,1.46847877,12.6919,11835.93072955,9396.32375635,249108.81838565
"282",2017-11-07 23:48:22,807502,807502,807997,9.43317325,9.46720044,11845.1240867,9411.23688271,249105.27801295
"283",2017-11-07 23:48:23,807502,807502,807997,8.74117325,8.96620044,11845.61062335,9418.45445927,249109.13101345
"284",2017-11-07 23:48:24,807683,807683,807884,4.75000074,0.568,11832.06993989,9403.7884546,249097.58101345
"285",2017-11-07 23:48:25,807884,807256,807683,1.02000099,0.5456,11823.77891788,9401.95166707,249095.72933023
"286",2017-11-07 23:48:26,807884,807101,807683,2.40000074,0.5456,11823.72891739,9391.9502278,249095.72933023
"287",2017-11-07 23:48:27,807000,807000,807682,0.57847877,6.4456,11841.78291773,9403.33466696,249098.51003023
"288",2017-11-07 23:48:28,807681,807350,807681,9.01,0.005,11851.7899165,9399.41654408,249097.38653023
"289",2017-11-07 23:48:29,807350,807350,807682,4.888,4.0706,11863.8039165,9401.28854408,249114.61516156
"290",2017-11-07 23:48:30,807681,807351,807681,0.09,1.04120181,11853.68048537,9401.65914886,249114.83659138
"291",2017-11-07 23:48:31,807681,807391,807680,0.26,7,11877.2704866,9403.29784433,249115.05559066
"292",2017-11-07 23:48:32,807350,807350,807469,11.78136961,0.132,11917.97528685,9386.7966481,249120.70379091
"293",2017-11-07 23:48:33,807350,807350,807469,7.78136961,0.132,11897.3788876,9387.8126481,249127.03733457
"294",2017-11-07 23:48:34,807680,807680,807733,7.0644,0.4,11867.53591354,9387.58164637,249135.39793457
"295",2017-11-07 23:48:35,807680,807680,807733,0.7193,0.4,11755.67771354,9373.24934712,249141.44303457
"296",2017-11-07 23:48:36,807350,807350,807733,6.66696961,0.4,11718.91831132,9388.59184629,249142.11573457
"297",2017-11-07 23:48:37,807733,807470,807680,0.2,1.0773,11715.39641132,9388.32914604,249151.91686632
"298",2017-11-07 23:48:38,807389,807351,807389,0.03,5.62346031,11634.37821107,9384.78248892,249173.82494451
"299",2017-11-07 23:48:40,807350,807350,807389,49.48197989,5.02146031,11724.06283068,9414.73159468,249177.76136894
"300",2017-11-07 23:48:41,807350,807350,807369,49.40467989,0.1,11770.49733068,9414.78169517,249178.92401493
"301",2017-11-07 23:48:42,807389,807369,807389,22.9,4.66146031,11811.61385003,9399.19269705,249180.00271493
"302",2017-11-07 23:48:43,807389,807369,807500,22.8807,0.02,11882.52855003,9378.37563674,249184.21901493
"303",2017-11-07 23:48:44,807369,807482,807500,5,0.02,11900.83354812,9368.12563476,249203.97191493
"304",2017-11-07 23:48:45,807733,807500,807679,0.47,9.60000075,11924.08984936,9368.81603551,249209.32031501
"305",2017-11-07 23:48:46,807500,807500,807733,9.6,10.812,11923.43268905,9379.23003476,249222.87827532
"306",2017-11-07 23:48:49,807733,807590,807733,1.9902,4.40382,11863.84122991,9414.09625105,249235.08922986
"307",2017-11-07 23:48:50,807947,807590,807947,1.4602,4.20782249,11849.4743309,9415.7952503,249245.52022986
"308",2017-11-07 23:48:51,807800,807800,807947,9.1,1.90782249,11775.48312208,9368.1962503,249248.65773049
"309",2017-11-07 23:48:52,808000,807990,807999,0.4,4.800001,11836.35710846,9291.37739431,249249.31683049
"310",2017-11-07 23:48:54,807999,807999,808000,4.95,3.28945614,11740.35707983,9374.00739828,249247.62823115
"311",2017-11-07 23:48:55,808000,808000,808050,46.71054386,0.02,11812.06762369,9361.31794289,249250.91768729
"312",2017-11-07 23:48:56,808900,808000,808900,46.70054386,0.32000075,11812.0424232,9338.43764115,249253.18868729
"313",2017-11-07 23:48:57,808999,808400,808999,0.02,10.08940373,11810.43411493,9305.66634115,249257.51778729
"314",2017-11-07 23:48:58,808999,808310,808999,4.8916,4.05000223,11799.22571542,9284.57693965,249259.4270786
"315",2017-11-07 23:48:59,808310,808310,808584,4.88980064,0.1,11825.37881582,9255.97503742,249261.72887796
"316",2017-11-07 23:49:00,809000,808200,809000,9.86979915,6.91722,11778.26281507,9256.48125742,249268.12128044
"317",2017-11-07 23:49:04,808582,808433,808582,0.54,0.0897,11932.24903101,9389.40535991,249271.31939551
"318",2017-11-07 23:49:07,808819,808401,808819,0.2434,0.55,11916.76207988,9358.98055941,249274.54936642
"319",2017-11-07 23:49:08,808881,808401,808583,0.2434,0.3,11948.77607988,9356.46055742,249275.44936642
"320",2017-11-07 23:49:12,808300,808073,808300,1.24,9.48,11945.32365006,9358.91275817,249289.47087041
"321",2017-11-07 23:49:13,808300,807991,808300,1.35,3.53,11938.54364982,9353.56275842,249300.42087041
"322",2017-11-07 23:49:14,808300,808000,808300,0.78282,1.5053,11929.12517285,9375.71117274,249304.42007041
"323",2017-11-07 23:49:16,808001,808002,808299,0.14,1.8475,11969.06277236,9409.07147645,249300.87947854
"324",2017-11-07 23:49:17,808300,808299,808300,0.1,11.2528,11967.68897236,9411.65107645,249302.87947854
"325",2017-11-07 23:49:18,808299,808074,808299,0.2855,4.6,11969.31447236,9390.57708749,249306.77947854
"326",2017-11-07 23:49:19,808299,808003,808299,0.6,1.3204,11967.78677113,9369.50648477,249310.51907759
"327",2017-11-07 23:49:20,808300,808075,808299,7,0.32,11968.94767039,9352.23738272,249312.54907759
"328",2017-11-07 23:49:21,808300,808075,808300,7,2.5628,11995.97067162,9346.87938272,249317.23056946
"329",2017-11-07 23:49:22,808300,808075,808298,7,1.3275,12002.16166375,9338.18088544,249316.20196946
"330",2017-11-07 23:49:23,808300,808299,808300,1.3046,3.8903,12004.79185463,9337.25138718,249318.15196946
"331",2017-11-07 23:49:26,808081,808081,808300,4.81311515,1.4903,12002.61858604,9336.18038668,249322.3748963
"332",2017-11-07 23:49:27,808300,808081,808300,4.81311515,0.8795,12003.25860376,9349.16958767,249320.9856963
"333",2017-11-07 23:49:30,808499,808300,808350,1.2,0.01197999,11915.22162321,9347.63144919,249325.17535231
"334",2017-11-07 23:49:31,808350,808300,808350,1.22,0.00197999,11917.21802321,9350.09205117,249319.57535231
"335",2017-11-07 23:49:34,808306,808306,808499,6.5,1.1725,11916.64290569,9352.26745222,249319.3835539
"336",2017-11-07 23:49:35,808499,808300,808499,1.155,1.1625,11911.35830519,9352.95974999,249322.9635539
"337",2017-11-07 23:49:36,808499,808400,808497,0.5,0.48,11911.90860519,9352.32724999,249322.9605539
"338",2017-11-07 23:49:38,808500,808095,808500,0.9307,0.45798029,11921.40050618,9354.8940495,249337.05245342
"339",2017-11-07 23:49:39,808500,808122,808499,1.1794,0.6,11919.17990544,9351.66404826,249334.6906626
"340",2017-11-07 23:49:40,808003,808003,808499,2.6007,0.6,11909.54850544,9352.07602955,249336.44268032
"341",2017-11-07 23:49:41,808000,808000,808301,62.06231952,0.02,11883.92380595,9335.68930781,249352.83768233
"342",2017-11-07 23:49:42,808301,808001,808401,0.32,3.4,11882.11280595,9349.9993103,249360.44790071
"343",2017-11-07 23:49:43,808000,808000,808401,50.38231952,3.39,11878.91280546,9348.5098103,249361.38997071
"344",2017-11-07 23:49:44,808000,808002,808400,0.5758,2.0241,11860.60860596,9357.8139103,249392.00657071
"345",2017-11-07 23:49:45,808000,808276,808399,0.01,1.731,11847.99860645,9357.6208103,249405.30657071
"346",2017-11-07 23:49:46,808000,808001,808399,0.3,2.331,11857.31560645,9346.52080881,249414.91957071
"347",2017-11-07 23:49:47,808000,808000,808001,11.275121,9.44,11396.13560527,9344.76882652,249417.23952704
"348",2017-11-07 23:49:48,808000,808000,808001,5.070121,9.44,11392.34060576,9356.16663049,249423.44452704
"349",2017-11-07 23:49:49,808000,807991,808000,0.4,0.629879,11388.57048525,9350.88752771,249427.86374804
"350",2017-11-07 23:49:50,807999,807600,807999,0.37539566,6.6,11385.18707916,9357.12387467,249431.34374804
"351",2017-11-07 23:49:51,807999,807797,807999,1,5.6,11380.59807793,9380.71863031,249432.83174804
"352",2017-11-07 23:49:52,807999,807589,807999,1.18639566,5.49,11377.74007793,9385.8946313,249435.20104804
"353",2017-11-07 23:49:53,807700,807914,807999,0.008,0.6,11373.89107793,9374.72282808,249435.61804804
"354",2017-11-07 23:49:54,807589,807589,807998,0.51539566,0.03,11349.9200794,9375.23480667,249436.21804804
"355",2017-11-07 23:49:57,807590,807574,807899,0.57,7,11363.69707889,9369.87903246,249442.4490993
"356",2017-11-07 23:49:58,807574,807574,807899,1.5362,7,11360.56327889,9380.38923253,249442.34759963
"357",2017-11-07 23:49:59,807574,807574,807899,0.7362,1.989,11359.25327889,9383.52453501,249444.1492993
"358",2017-11-07 23:50:00,807573,807573,807898,6.98559566,0.60000025,11359.26427889,9351.78111178,249446.9959203
"359",2017-11-07 23:50:01,807574,807574,807898,0.481,1.081,11361.83527963,9358.05553253,249447.3559203
"360",2017-11-07 23:50:03,807774,807774,807896,18.14849993,1.215,11373.66867956,9371.94843303,249449.8146203
"361",2017-11-07 23:50:05,807774,807774,807892,16.46349993,0.005,11369.55977956,9365.49843303,249452.0396203
"362",2017-11-07 23:50:06,807774,807774,807896,16.08349993,7,11370.02977956,9367.39343353,249441.4996203
"363",2017-11-07 23:50:07,807774,807774,807896,15.00779993,6.985,11368.45507772,9371.07493408,249441.0691203
"364",2017-11-07 23:50:08,807774,807774,807895,14.62149993,7,11372.02223838,9369.08993308,249448.75062104
"365",2017-11-07 23:50:09,807774,807774,807895,12.51149993,7,11370.93223937,9338.56993308,249449.36062104
"366",2017-11-07 23:50:10,807895,807774,807895,12.30849993,3.5,11374.30923986,9334.52993308,249452.46262104
"367",2017-11-07 23:50:12,807775,807784,807879,24,0.0393,11411.51253962,9389.35103407,249443.56416483
"368",2017-11-07 23:50:15,808343,808343,808382,1.60409975,0.398,11498.32813853,9428.75073358,249438.9590357
"369",2017-11-07 23:50:16,808400,808343,808400,1.59909975,1.398,11500.82313877,9427.12773358,249437.11826508
"370",2017-11-07 23:50:17,808400,808037,808400,0.09,0.73150434,11485.76513958,9420.10386884,249443.47056074
"371",2017-11-07 23:50:18,808000,808000,808343,17.63409975,0.1357,11480.62854318,9404.7590645,249443.47056074
"372",2017-11-07 23:50:19,808000,808000,808343,15.87839975,0.0679,11445.19784369,9403.04179502,249443.69726074
"373",2017-11-07 23:50:21,808001,808001,808370,0.4931,1,11406.24864393,9405.46900096,249446.78054758
"374",2017-11-07 23:50:22,808001,808001,808370,0.3931,1,11409.30034393,9402.8660363,249448.01054758
"375",2017-11-07 23:50:24,808200,808200,808369,11.569,0.82436144,11429.41184333,9402.85039948,249445.52154758
"376",2017-11-07 23:50:25,808200,808200,808369,11.5519,0.82436144,11446.26274234,9402.05039948,249445.18864758
"377",2017-11-07 23:50:26,808200,808200,808368,11.55010074,0.0444,11449.86094481,9392.84832818,249444.49794609
"378",2017-11-07 23:50:28,808200,808200,808363,9.35010074,0.005,11449.18584415,9410.30482793,249450.20694609
"379",2017-11-07 23:50:29,808200,808200,808363,9.05010074,0.01,11444.80784415,9413.15982843,249450.39694609
"380",2017-11-07 23:50:31,808401,808210,808347,1.94,0.09,11435.86624233,9410.76204436,249452.42704641
"381",2017-11-07 23:50:32,808401,808314,808347,0.01,0.09,11435.87624233,9411.27204436,249452.42504633
"382",2017-11-07 23:50:33,808210,808210,808347,0.55,0.09,11429.19624159,9396.28104237,249453.29664633
"383",2017-11-07 23:50:35,808401,808368,808400,0.5,0.27,11438.43124257,9401.00302295,249454.34664633
"384",2017-11-07 23:50:36,808368,808368,808401,0.49800042,2.96166213,11438.42524445,9398.33302246,249454.34864591
"385",2017-11-07 23:50:37,808210,808210,808401,0.04800042,2.96166213,11430.52524445,9374.31902271,249455.67858225
"386",2017-11-07 23:50:38,808999,808210,808999,0.04800042,0.98409373,11430.52524445,9365.10109179,249462.66953389
"387",2017-11-07 23:50:39,808210,808200,808210,9.05010074,0.02149965,11453.08362476,9399.32259144,249463.54153431
"388",2017-11-07 23:50:40,808800,808650,808799,0.1,0.32,11459.6011261,9396.52109179,249461.15804396
"389",2017-11-07 23:50:41,808400,808230,808400,1,0.889,11446.38312537,9406.41789278,249461.31524396
"390",2017-11-07 23:50:42,808400,808328,808400,1,0.389,11413.70812561,9406.3539237,249451.75524396
"391",2017-11-07 23:50:44,808260,808260,808400,8.6992,0.258,11431.52482476,9404.95493098,249452.77501484
"392",2017-11-07 23:50:45,808799,808500,808799,0.1,7.46900224,11436.18692427,9420.25683098,249454.40591484
"393",2017-11-07 23:50:46,808500,808500,808798,0.019,0.3,11424.94932452,9419.48943023,249456.31691484
"394",2017-11-07 23:50:47,808799,808500,808799,0.019,4.79900224,11429.53232452,9418.72163098,249456.15311484
"395",2017-11-07 23:50:49,808329,808328,808341,1,0.01,11424.44132452,9407.05592874,249455.75012109
"396",2017-11-07 23:50:50,808506,808506,808640,0.4,0.8563,11455.77732482,9410.33592874,249456.35012109
"397",2017-11-07 23:50:51,808260,808260,808328,8.3873,1.99679876,11453.86332545,9423.28552873,249458.49212109
"398",2017-11-07 23:50:52,808506,808500,808506,0.49,0.08989894,11453.91932545,9417.02232991,249463.20512109
"399",2017-11-07 23:50:53,808500,808500,808639,0.3837,1.06,11454.43102545,9417.67243097,249463.31142109
"400",2017-11-07 23:50:54,808500,808367,808699,0.518,3.29000199,11444.56732521,9409.99243097,249465.21032203
"401",2017-11-07 23:50:55,808261,808266,808544,0.34,0.01,11443.81702549,9407.67249806,249463.24622109
"402",2017-11-07 23:50:56,808328,808328,808543,0.99,0.4,11440.936025,9404.21042849,249462.82792386
"403",2017-11-07 23:50:57,808328,808328,808367,0.97,0.6,11438.79202426,9406.80642849,249458.19252338
"404",2017-11-07 23:50:58,807000,807000,808367,17.76147337,0.862,11388.77202426,9410.07322754,249508.16052338
"405",2017-11-07 23:50:59,807801,807801,807990,0.59000049,0.20554716,11593.29325565,9408.69583583,249505.71116847
"406",2017-11-07 23:51:00,807801,807801,807990,1.20400148,0.20554716,11594.45143843,9407.92382582,249506.30606847
"407",2017-11-07 23:51:01,807801,807801,807968,3.51400222,0.09,11595.96743917,9422.21375848,249507.24606847
"408",2017-11-07 23:51:02,807801,807801,807968,6.20680246,0.09,11596.21893941,9427.34605625,249507.77026847
"409",2017-11-07 23:51:03,807802,807802,807968,0.36,3,11592.09347327,9433.94085625,249518.39926845
"410",2017-11-07 23:51:04,807801,807001,807801,0.90414333,2.4922,11592.70746383,9448.4180565,249518.07712512
"411",2017-11-07 23:51:05,807002,807002,807801,0.431,2.4922,11594.91846457,9435.93812235,249518.94172512
"412",2017-11-07 23:51:06,807370,807370,807801,3.21,2,11594.82432148,9442.78092334,249530.83812512
"413",2017-11-07 23:51:07,807000,807000,807100,9.32729504,1.5,11583.16972246,9452.92992978,249541.80172512
"414",2017-11-07 23:51:08,807000,806985,807000,0.03,12.36210496,11573.94242742,9463.87858165,249557.80702016
"415",2017-11-07 23:51:09,806985,806881,806999,3.60000173,7,11577.99235102,9476.80371605,249565.77464526
"416",2017-11-07 23:51:10,806999,806881,806999,1.80000024,5.53718,11576.71838538,9483.83434346,249574.92546526
"417",2017-11-07 23:51:11,806500,806500,806999,0.1709037,5.28718,11560.90938861,9476.26834247,249601.81706526
"418",2017-11-07 23:51:12,806880,806379,806880,0.52,1.0506,11560.20938861,9464.9295174,249602.60636526
"419",2017-11-07 23:51:13,806002,806002,806500,6.40000147,6.85,11577.98669008,9460.24169392,249622.33486267
"420",2017-11-07 23:51:14,806002,806002,806500,6.40000147,6.85,11577.98669008,9470.81169392,249627.54671525
"421",2017-11-07 23:51:15,806500,806250,806500,0.097,6.798,11562.31654439,9450.15479158,249640.15891514
"422",2017-11-07 23:51:16,806001,806000,806001,23.09539409,0.65725561,11559.94474593,9445.47489928,249644.90291514
"423",2017-11-07 23:51:17,806001,806001,806499,0.93274439,1.007,11556.78449032,9446.08708319,249649.77017075
"424",2017-11-07 23:51:18,806000,806000,806499,13.86813848,1.007,11546.78449032,9445.08708319,249659.77017075
"425",2017-11-07 23:51:19,805678,805678,806000,6.69000024,27,11510.82449129,9457.30708319,249715.08167128
"426",2017-11-07 23:51:20,805900,805678,805900,6.69000024,6.52718,11510.95149208,9459.73916892,249736.08758978
"427",2017-11-07 23:51:21,805900,805267,805900,3.98374093,4.57748095,11488.70059307,9504.51765115,249756.41728883
"428",2017-11-07 23:51:22,805267,805267,805900,3.88374093,29.48266191,11505.87105328,9555.10713385,249758.18610787
"429",2017-11-07 23:51:23,805750,805268,805750,7,9.99,11513.29025304,9620.88393359,249761.87510886
"430",2017-11-07 23:51:24,805268,805268,805750,6.84,9.399,11488.63935304,9624.16905359,249762.96610886
"431",2017-11-07 23:51:25,805268,805268,805750,6.59,9.399,11518.76935402,9616.46905259,249767.51010961
"432",2017-11-07 23:51:27,805268,805268,805750,5.04,9.399,11512.84935501,9602.06905084,249769.95030961
"433",2017-11-07 23:51:28,805000,805000,805750,11.08974217,9.399,11409.86345501,9600.58315084,249875.87760146
"434",2017-11-07 23:51:29,805163,805163,805500,0.5,1,11572.46345501,9601.68315084,249882.3781048
"435",2017-11-07 23:51:30,805000,805000,805500,3.33974217,2.2,11572.11345501,9610.72033159,249896.21170386
"436",2017-11-07 23:51:31,805000,805000,805250,1.01974217,7.79800092,11566.99345549,9646.21833798,249906.11880294
"437",2017-11-07 23:51:32,805250,804917,805250,1.86974241,5.12800092,11553.19465549,9595.46044405,249912.30880344
"438",2017-11-07 23:51:33,804916,804916,805250,1.66974241,3.68120136,11544.994655,9596.19098283,249922.35560449
"439",2017-11-07 23:51:34,804785,804750,804785,1.03,4.20025759,11535.99491235,9612.74123893,249935.9515469
"440",2017-11-07 23:51:35,805163,805163,805250,0.4170805,3.68120136,11536.76199285,9626.96098134,249957.99180402
"441",2017-11-07 23:51:36,805250,804917,805250,0.791,3.58120136,11528.62299358,9553.06407413,249965.96592471
"442",2017-11-07 23:51:37,805000,805000,805001,3.45,1.965,11648.62103207,9544.38987488,249973.7968257
"443",2017-11-07 23:51:38,805001,805000,805001,3.41,1.414,11665.73593207,9542.33167488,249973.67352669
"444",2017-11-07 23:51:39,804917,804917,805001,24.95,1.334,11763.97143256,9549.24817434,249990.05752768
"445",2017-11-07 23:51:40,804917,804917,805000,13.7,2,11740.56543281,9542.53067596,250016.23802755
"446",2017-11-07 23:51:41,805000,804917,805000,12.7,1.14,11786.71513281,9543.80087596,250020.05844125
"447",2017-11-07 23:51:42,805268,804466,805000,2.6,0.05,11777.68563234,9552.83387645,250041.72867007
"448",2017-11-07 23:51:43,805268,804466,805000,2.6,0.05,11777.68563234,9552.83387645,250041.72867007
"449",2017-11-07 23:51:44,804917,804466,804917,1.565,1.72690199,11801.87063284,9553.83187471,250076.5641706
"450",2017-11-07 23:51:46,804100,804100,804917,1.1790805,0.30690199,11816.59913284,9524.41969546,250107.08246735
"451",2017-11-07 23:51:47,804055,804055,805000,18.7899805,38.15690199,11801.08913284,9523.46969546,250125.20764279
"452",2017-11-07 23:51:48,805000,804444,805000,1.88,38.35590199,11832.29313112,9514.09399421,250125.91166239
"453",2017-11-07 23:51:49,804980,804301,804980,3.56,1.92,11864.54013112,9514.88299785,250128.49866239
"454",2017-11-07 23:51:50,804467,804467,804997,5,1.9,11946.70375355,9494.33328148,250143.57028532
"455",2017-11-07 23:51:51,804997,804467,804997,5,1.6,11949.25465355,9494.03328148,250144.55828532
"456",2017-11-07 23:51:52,804467,804467,804917,2.6,5.978,11949.98325355,9518.08118162,250148.64258532
"457",2017-11-07 23:51:53,804917,804444,804917,9.6,4.88720016,11872.93065429,9524.82708178,250154.67728516
"458",2017-11-07 23:51:54,804917,804444,804917,9.59,4.54000061,11879.71165429,9410.10518223,250161.09023651
"459",2017-11-07 23:51:55,804444,804444,804500,9.52,0.8,11865.08753463,9399.13580223,250171.23323651
"460",2017-11-07 23:51:57,805000,804680,804850,0.04,0.02,11818.11913364,9383.41580672,250210.49923067
"461",2017-11-07 23:51:58,804500,804500,804927,10.656,5,11851.56913611,9398.51580672,250224.49923067
"462",2017-11-07 23:51:59,804858,804850,804858,0.93,0.08,11822.15874674,9371.24171715,250231.67279889
"463",2017-11-07 23:52:00,804800,804800,804915,4.70643178,4.8,11776.09714648,9361.31069594,250235.84379889
"464",2017-11-07 23:52:01,804500,804500,804915,21.72243178,4.785,11875.52304648,9380.7629942,250245.0692989
"465",2017-11-07 23:52:02,804999,804550,804999,0.15,0.47459921,11767.53314618,9347.72259274,250253.9923989
"466",2017-11-07 23:52:03,804680,804550,804680,0.13,0.084,11697.04274274,9348.96802083,250263.1816989
"467",2017-11-07 23:52:04,804926,804915,804926,1.916,1.65750531,11750.14631145,9365.69402208,250268.4656989
"468",2017-11-07 23:52:05,804926,804600,804926,2.876,2.3262853,11783.07883534,9369.51883856,250274.4018209
"469",2017-11-07 23:52:06,804600,804600,804900,1.846,5,11795.46583633,9356.98755376,250275.5870429
"470",2017-11-07 23:52:07,804680,804680,804900,0.539,4,11801.89483534,9393.41973799,250292.15678292
"471",2017-11-07 23:52:08,804900,804857,804900,0.04,2.96,11777.7578341,9396.01922895,250293.63678292
"472",2017-11-07 23:52:11,805000,804680,804686,5.8583,0.04,11778.90813509,9391.76604671,250306.41803912
"473",2017-11-07 23:52:14,804000,804000,804487,33.2219805,5.034,11772.82383386,9360.99804895,250383.54083912
"474",2017-11-07 23:52:15,804000,804000,804487,32.9219805,5.034,11772.52383386,9360.21104895,250383.73733912
"475",2017-11-07 23:52:18,803559,803559,804000,31.60366084,1,11772.13483584,9359.6606697,250446.23772985
"476",2017-11-07 23:52:19,804000,803559,804000,15.96366084,0.989,11768.37783584,9351.0436697,250464.69572985
"477",2017-11-07 23:52:20,803500,803500,803900,146.28366084,20,11735.95783633,9373.11367143,250503.39793009
"478",2017-11-07 23:52:21,803500,803500,803659,112.28366084,2,11704.55783682,9455.81367093,250557.71813009
"479",2017-11-07 23:52:25,803010,803010,803770,0.15756084,0.07,11554.49871158,9427.05369254,250706.23283059
"480",2017-11-07 23:52:26,803000,803000,803770,6.62456084,0.07,11542.49871158,9427.05369254,250718.23283059
"481",2017-11-07 23:52:27,803501,803501,803770,4,0.06,11528.91777173,9426.64369254,250737.82377044
"482",2017-11-07 23:52:28,802673,802673,803000,2.86552271,53,11526.33477271,9499.98489304,250747.47077044
"483",2017-11-07 23:52:29,802601,802601,803000,9.17000098,52.7,11520.33925049,9543.78489454,250752.21477044
"484",2017-11-07 23:52:30,802600,802600,803000,1.95,42.7,11566.56925,9543.50489529,250781.77055516
"485",2017-11-07 23:52:31,803000,802700,803000,2,45.495,11563.96724863,9551.21989529,250786.16345516
"486",2017-11-07 23:52:32,803000,802700,803000,1.45,23,11568.92024887,9486.69089205,250790.00141839
"487",2017-11-07 23:52:33,802748,802748,802840,6.7,1.99,11593.32025059,9481.63109006,250795.91241839
"488",2017-11-07 23:52:34,803000,802748,803000,4.4,5.49,11597.9202501,9383.17109006,250819.21241839
"489",2017-11-07 23:52:35,802900,802737,802900,3.7653,4.99,11601.2855501,9335.26109006,250861.46711839
"490",2017-11-07 23:52:36,802611,802611,802900,0.6653,2.07906673,11588.3055498,9360.20165754,250868.39965166
"491",2017-11-07 23:52:37,802720,802720,804000,0.5,0.86806673,11585.9255498,9336.90165679,250892.10381248
"492",2017-11-07 23:52:38,803100,803100,804000,11.68,0.85806673,11634.00555029,9320.49265654,250893.54850248
"493",2017-11-07 23:52:39,803100,803100,804000,4.87,0.35806673,11693.5955493,9318.19265654,250902.75690248
"494",2017-11-07 23:52:40,804000,803100,804000,25.77,0.55,11753.4055493,9306.19458856,250907.85190248
"495",2017-11-07 23:52:41,804000,803504,804000,0.04,0.539,11778.43965069,9313.55308856,250911.07990248
"496",2017-11-07 23:52:42,803100,803100,804085,18.814,0.70000349,11778.5580502,9320.3140923,250921.28990248
"497",2017-11-07 23:52:43,804084,803322,804084,20.413,2.7900015,11850.58105168,9326.44409455,250926.11584627
"498",2017-11-07 23:52:44,803322,803322,804199,7.42299725,9.60000075,11847.59104893,9312.24009305,250945.85375195
"499",2017-11-07 23:52:45,804200,804200,804354,0.01999576,0.09,11845.9734777,9301.94008881,250986.61875619
"500",2017-11-07 23:52:46,804404,804200,804404,7.83337922,0.31050053,11859.12985643,9291.97384862,250988.75177588
"501",2017-11-07 23:52:47,804900,804200,804900,3.98337847,3.42636053,11898.96065396,9282.28440862,251001.05421663
"502",2017-11-07 23:52:48,805000,804404,805000,7.18,0.50718053,11910.94065298,9287.88140862,251006.72631663
"503",2017-11-07 23:52:49,804462,804462,804867,0.982,4.7500005,11932.39965249,9294.02441111,251013.25631663
"504",2017-11-07 23:52:50,805500,804450,805500,4.482,17.60449995,11930.89965347,9278.78941111,251029.58113648
"505",2017-11-07 23:52:51,803500,803500,805499,23.32537423,2.3990005,11889.07965347,9281.68841189,251087.28733628
"506",2017-11-07 23:52:52,803500,803500,803501,19.33737423,0.0885,11886.88447347,9282.84791189,251092.11557137
"507",2017-11-07 23:52:53,804200,803500,804200,19.26737423,1.6095,11757.03355759,9360.94103547,251073.32979021
"508",2017-11-07 23:52:54,804200,804200,804679,19.8465,0.32,11776.55805661,9380.93153622,251071.71069021
"509",2017-11-07 23:52:55,804200,804200,804679,17.8465,0.32,11775.65805661,9378.78253572,251073.71069021
"510",2017-11-07 23:52:56,804679,804424,804679,1.678,0.19,11760.54448765,9404.55253497,251075.49519021
"511",2017-11-07 23:52:57,804200,804200,804867,0.80128,9.373001,11752.0934675,9409.35653597,251096.79131021
"512",2017-11-07 23:52:58,804120,804120,804200,0.578,1.47954,11760.49718848,9408.90507746,251095.15759021
"513",2017-11-07 23:52:59,804200,803540,804200,0.98463163,0.37398,11755.4355698,9398.35611721,251101.60014909
"514",2017-11-07 23:53:00,804474,804474,804800,0.20402,0.04,11638.25778277,9385.05781395,251102.77743021
"515",2017-11-07 23:53:01,804846,803600,803999,4.88640084,1.0599,11640.32906391,9392.56676934,251103.81504937
"516",2017-11-07 23:53:02,803600,803600,804500,4.83140084,1.5,11622.24468894,9389.55376884,251106.02772637
"517",2017-11-07 23:53:03,804198,803601,804198,2.98900123,2.39256822,11667.44168993,9416.02507987,251115.8831858
"518",2017-11-07 23:53:04,804198,803601,804198,2.98900123,2.28356822,11668.21718993,9416.11607987,251115.9521858
"519",2017-11-07 23:53:05,803860,803860,804198,0.377,2.26356822,11693.51218993,9418.79607937,251115.0021858
"520",2017-11-07 23:53:06,803700,803700,804000,19.315,4,11707.65019116,9416.36607738,251114.30436467
"521",2017-11-07 23:53:07,804000,803701,804000,1.80000148,3.5,11717.76175938,9424.56608038,251114.01116467
"522",2017-11-07 23:53:08,804000,803700,804000,10.66300148,3.446,11700.59575938,9427.96959298,251114.08016467
"523",2017-11-07 23:53:09,804198,803910,804198,2,0.28656822,11711.00744808,9438.16739332,251122.6224766
"524",2017-11-07 23:53:10,804198,804000,804198,10.02,0.02156822,11712.79544645,9433.03444741,251121.9781766
"525",2017-11-07 23:53:11,804460,804000,804082,41.02,1.38918806,11692.1503673,9418.41782338,251125.05744443
"526",2017-11-07 23:53:12,804000,804000,804200,33.511,0.78282,11689.47174892,9416.10124413,251129.18494492
"527",2017-11-07 23:53:16,804400,804100,804400,1,0.94782119,11628.1260734,9411.99194702,251132.68437709
"528",2017-11-07 23:53:17,804500,804200,804500,5,8.64782119,11642.9220734,9395.79194602,251131.84706071
"529",2017-11-07 23:53:18,804500,804200,804500,6,0.53782119,11640.62207538,9375.225323,251139.42816169
"530",2017-11-07 23:53:19,805179,804200,804845,5.2,1.397,11651.24597365,9350.17332325,251172.09697347
"531",2017-11-07 23:53:20,805179,805000,805178,31,0.60000025,11651.12436183,9348.172324,251173.86133189
"532",2017-11-07 23:53:21,805000,805000,805250,30.5,14.96,11678.15356232,9338.19882344,251179.69133189
"533",2017-11-07 23:53:22,805250,805010,805250,2,2.26,11701.63126208,9337.17782194,251191.77773287
"534",2017-11-07 23:53:23,805600,805600,805722,30.68,5.55975466,11739.00486232,9390.70882247,251195.78373336
"535",2017-11-07 23:53:24,805600,805600,805722,25.66,2.37975466,11703.10517129,9375.99602122,251203.98343336
"536",2017-11-07 23:53:25,805600,805600,805830,16.75256822,7.65975466,11578.83643976,9389.51802269,251209.94896097
"537",2017-11-07 23:53:26,806000,805600,806000,15.47281331,3.59,11616.71407948,9357.57448528,251219.15901588
"538",2017-11-07 23:53:27,806780,805600,806780,46.47281331,15.30173384,11648.30507997,9280.52448528,251296.82613145
"539",2017-11-07 23:53:28,805692,805600,805692,43.59383536,0.08917881,11676.27650265,9282.41796484,251301.84889181
"540",2017-11-07 23:53:29,805829,805700,805829,1.11082119,0.45000075,11653.57632269,9289.27878678,251302.78356435
"541",2017-11-07 23:53:30,805600,805600,806589,32.82845449,5.70000225,11650.41311989,9307.82878753,251326.42674473
"542",2017-11-07 23:53:31,806589,805602,806589,9.789,3.64500225,11593.53212014,9313.47378878,251327.441051
"543",2017-11-07 23:53:32,806600,805620,805800,2,0.5,11600.78212038,9313.45378903,251343.833551
"544",2017-11-07 23:53:33,805700,805700,806565,5.489,1.78,11566.10352149,9342.19217734,251348.819551
"545",2017-11-07 23:53:34,806600,805700,806600,2.25217881,1.04570163,11551.32330202,9331.11587822,251351.06867281
"546",2017-11-07 23:53:35,805800,805700,805800,1.05217881,0.075,11485.14074655,9342.96087822,251347.74431586
"547",2017-11-07 23:53:36,806500,805969,806500,0.1,10.22030062,11541.29394556,9378.32454491,251347.30401524
"548",2017-11-07 23:53:37,806500,806449,806500,0.091,13.75030062,11599.53433525,9382.32944487,251338.92301476
"549",2017-11-07 23:53:38,806500,805700,806500,0.55,13.64430062,11587.91455794,9382.0050788,251337.81901476
"550",2017-11-07 23:53:39,806490,805701,806490,0.60000049,8.84,11644.42935966,9384.95714487,251341.60081521
"551",2017-11-07 23:53:40,806400,805701,806400,0.60000049,15.059,11766.49836006,9411.12617524,251339.85181521
"552",2017-11-07 23:53:41,806400,806000,806400,0.02,12.998,11769.5229601,9391.61876778,251329.68471581
"553",2017-11-07 23:53:42,805600,805625,806400,0.005,6.998,11797.9819801,9410.44886654,251339.07571581
"554",2017-11-07 23:53:44,806100,805911,806000,0.10000024,0.029,11805.02878546,9389.28910033,251349.67110861
"555",2017-11-07 23:53:45,805702,805702,806253,0.46300024,9.19682119,11822.17628644,9420.46895376,251350.99628742
"556",2017-11-07 23:53:47,805800,805800,806000,0.23,0.1,11838.54758495,9417.86725542,251384.47749266
"557",2017-11-07 23:53:48,806000,805800,806000,0.23,0.099,11837.54758495,9418.10025542,251384.47849266
"558",2017-11-07 23:53:49,806200,805800,806000,0.08,3,11839.81758569,9531.32425542,251384.04249266
"559",2017-11-07 23:53:50,805700,805700,806000,0.045,2.999,11832.75858619,9542.9007901,251394.07849266
"560",2017-11-07 23:53:51,805701,805701,805999,0.59,0.32,11838.56548495,9546.56715367,251395.04849266
"561",2017-11-07 23:53:54,804900,804900,805400,3.76989611,6.75617926,11766.31482486,9565.96751217,251433.82452689
"562",2017-11-07 23:53:55,804900,804900,805400,2.16927732,5.97335926,11764.71420607,9560.23449217,251436.20796568
"563",2017-11-07 23:53:56,804900,804900,805400,0.23027732,4.43835926,11757.37520656,9513.96237232,251439.68296568
"564",2017-11-07 23:53:59,805400,804800,805400,7.33648667,2.71115926,11786.37741267,9534.07900467,251463.64385781
"565",2017-11-07 23:54:00,804800,804800,805400,6.56648667,2.70915926,11785.60741267,9530.47700392,251464.41585781
"566",2017-11-07 23:54:01,804902,804902,805299,1.97500074,0.8999,11768.38141336,9515.514003,251474.84585781
"567",2017-11-07 23:54:02,805299,805123,805299,4.95,0.6499,11761.0814136,9531.39062563,251477.71345108
"568",2017-11-07 23:54:05,805700,805621,805700,1.18538024,0.467,11774.54477428,9509.67902474,251481.09707084
"569",2017-11-07 23:54:06,805621,805303,805977,1,2.14120075,11773.44239404,9476.15022549,251482.16243265
"570",2017-11-07 23:54:07,805700,805700,805999,0.54520116,0.3,11760.91750941,9477.25306487,251484.07023149
"571",2017-11-07 23:54:08,805700,805401,805999,0.5,0.3,11759.77230776,9477.44246487,251482.27023149
"572",2017-11-07 23:54:09,805401,805401,805999,0.1,0.199,11769.27530677,9466.17446412,251483.10823149
"573",2017-11-07 23:54:11,806000,805801,806000,0.6,8.491,11774.21230975,9478.09546984,251478.00923149
"574",2017-11-07 23:54:12,805801,805580,805720,0.1,7.5,11774.90260975,9479.7480696,251484.05923272
"575",2017-11-07 23:54:13,805580,805581,805719,0.03,0.7,11771.76261001,9481.28666959,251485.83323296
"576",2017-11-07 23:54:14,805720,805517,805720,0.421,4.4565,11791.93630877,9476.05456859,251481.63173296
"577",2017-11-07 23:54:15,805720,805517,805720,0.421,2.70363309,11792.03630877,9464.70170093,251482.91139987
"578",2017-11-07 23:54:16,805600,805600,805720,0.99,1.69183309,11793.10630877,9392.98989746,251479.01119987
"579",2017-11-07 23:54:17,805720,805719,805720,0.5213,0.68883309,11796.65960852,9401.89853289,251480.03220099
"580",2017-11-07 23:54:18,805720,805601,805720,0.1,0.11513309,11785.74830753,9402.03875849,251480.63590099
"581",2017-11-07 23:54:19,805720,805602,805720,7,0.11313309,11798.9583095,9402.72275849,251468.27110099
"582",2017-11-07 23:54:20,805720,805800,805930,0.68886691,0.71570163,11808.05417447,9409.75327609,251469.48223408
"583",2017-11-07 23:54:21,805720,805700,805720,1,2.3,11808.35197447,9421.16934755,251473.52931496
"584",2017-11-07 23:54:22,805720,805700,805720,0.49,1.699,11796.15197274,9437.66531514,251469.29911422
"585",2017-11-07 23:54:23,805720,805701,805720,7,1.696,11802.70510534,9437.06231439,251469.01511422
"586",2017-11-07 23:54:24,805719,805701,805719,7,0.295,11803.70510534,9422.26731364,251479.71711422
"587",2017-11-07 23:54:25,806170,805880,806169,0.1,1.80000224,11787.74642545,9417.62531513,251475.10911422
"588",2017-11-07 23:54:26,806169,806000,806050,2.5,10,11812.86742816,9434.44381439,251475.43817122
"589",2017-11-07 23:54:27,806169,806001,806169,0.97520095,0.73500075,11858.63302791,9423.30381364,251485.79737075
"590",2017-11-07 23:54:28,806000,806000,806170,6.26637872,0.75374298,11861.78420568,9421.87881488,251478.54819298
"591",2017-11-07 23:54:29,806200,806000,806200,6.26637872,12.79374298,11861.92460568,9416.51921488,251483.49779298
"592",2017-11-07 23:54:30,806300,806003,806300,0.97799992,0.34374298,11853.30460467,9405.90028954,251499.68829303
"593",2017-11-07 23:54:31,806312,806312,806375,28.65725702,0.20611084,11950.24696349,9390.77547141,251514.34074458
"594",2017-11-07 23:54:32,806390,806312,806390,26.05525694,0.09611084,11940.24336506,9380.41621011,251519.20724662
"595",2017-11-07 23:54:33,806452,806313,806452,0.03,11.29611134,11932.58498732,9382.57621211,251526.06864711
"596",2017-11-07 23:54:34,806451,806400,806451,2.88620086,0.02,11965.55118843,9369.47728501,251531.56144625
"597",2017-11-07 23:54:35,806452,806400,806451,2.88620086,2.40000075,11980.35838867,9370.51651136,251538.48736197
"598",2017-11-07 23:54:36,806490,806490,806500,1.79508766,0.61,11971.93357609,9377.66440063,251539.73927431
"599",2017-11-07 23:54:37,806400,806400,806401,0.98128852,0.01,11969.16627482,9358.45130689,251543.31880099
"600",2017-11-07 23:54:38,806599,806401,806599,6.49,9.20520026,11971.90767404,9370.3165074,251543.95960073
