"","time","lst","best_bid","best_ask","best_bid_size","best_ask_size","total_bid_depth","total_ask_depth","volume"
"1",2017-11-08 00:38:22,809998,809357,809998,0.498,0.78,13079.09378768,9741.84873965,253600.51770803
"2",2017-11-08 00:38:23,810000,809856,810000,0.01,13.13018539,13086.9596879,9737.89984114,253611.41665803
"3",2017-11-08 00:38:24,810000,809856,809997,0.01,0.6542,13088.22118755,9783.32384011,253611.41665803
"4",2017-11-08 00:38:25,809856,809362,809903,0.005,0.01,13084.28466218,9789.48564085,253607.66280634
"5",2017-11-08 00:38:26,810000,809358,810000,0.24127512,1.82968539,13080.40466071,9775.24613855,253620.35223634
"6",2017-11-08 00:38:27,810000,809730,809996,0.05,1.0895,13075.44076095,9772.7186378,253620.35223634
"7",2017-11-08 00:38:28,810055,809730,810055,0.05,4.49118539,13068.71648587,9788.90663929,253624.34330634
"8",2017-11-08 00:38:29,810000,810000,810055,1.2326,4.48718539,13079.31648636,9799.44183929,253624.76470634
"9",2017-11-08 00:38:30,810000,810000,810033,0.43278,0.2163,13075.98286587,9808.85953929,253623.90040407
"10",2017-11-08 00:38:31,810000,810000,810255,0.42558005,0.66000609,13086.45486641,9795.72153929,253638.50760402
"11",2017-11-08 00:38:32,810055,810055,810420,1.71550126,0.08992755,13095.28200488,9791.86904078,253638.26985359
"12",2017-11-08 00:38:33,809730,809600,809700,0.02,1.74128239,13047.7339969,9803.68952466,253636.5185712
"13",2017-11-08 00:38:34,809360,809365,810420,4.8,0.08992755,13048.43523451,9791.01824004,253637.0109126
"14",2017-11-08 00:38:35,810023,809366,810023,0.44,0.97,13042.01585639,9797.69868188,253637.34090008
"15",2017-11-08 00:38:36,810023,809917,810000,0.01,0.5,13041.67835611,9798.98767971,253629.72200008
"16",2017-11-08 00:38:37,810023,809917,809999,0.01,7,13041.44599359,9811.7876807,253630.52200008
"17",2017-11-08 00:38:38,809917,809369,809999,1.64250024,6.7,13035.94089369,9810.1371807,253626.42800112
"18",2017-11-08 00:38:39,809369,809369,809998,1.54643782,1.2,13044.21083151,9804.55535077,253625.42301354
"19",2017-11-08 00:38:40,809883,809609,809883,0.17883154,0.502,13047.38601712,9802.4578307,253632.83401354
"20",2017-11-08 00:38:41,809940,809609,809882,0.16383154,1.6201,13070.04377876,9795.57590131,253619.89415441
"21",2017-11-08 00:38:42,809882,809609,809882,0.07383154,0.41809902,13070.42064094,9820.27390281,253612.73669079
"22",2017-11-08 00:38:43,809882,809882,809917,1.1181,5,13040.62944045,9820.02680305,253608.95778915
"23",2017-11-08 00:38:45,809917,809770,809917,0.01,1.24319976,13046.9913202,9817.85283276,253610.51451843
"24",2017-11-08 00:38:46,809917,809770,809917,0.01,1.34319976,13047.5913202,9806.38283251,253608.75679212
"25",2017-11-08 00:38:47,809917,809770,809790,0.01,9.1,13029.3822202,9828.10893451,253607.55679212
"26",2017-11-08 00:38:48,809790,809770,809790,0.01,5.6,13034.59841996,9816.70193339,253608.05679212
"27",2017-11-08 00:38:49,809790,809770,809790,0.01,5.6,13030.24581981,9812.62123288,253605.53891637
"28",2017-11-08 00:38:50,809790,809770,809790,0.01,5.6,13024.42982079,9847.13940245,253605.02691637
"29",2017-11-08 00:38:51,810000,810000,810260,0.01,28.40199988,13019.02242079,9827.33940146,253618.60491421
"30",2017-11-08 00:38:55,809609,809618,809789,0.59850043,1.6034,13025.27864774,9835.84280319,253626.22662075
"31",2017-11-08 00:38:56,809617,809620,809788,0.2,0.6,13025.9535478,9835.96280319,253615.07562075
"32",2017-11-08 00:38:57,809617,809620,809788,0.2,0.6,13031.27094731,9838.3528022,253614.35457075
"33",2017-11-08 00:38:58,809620,809620,809788,0.17,0.6,13031.28109479,9835.87280221,253613.3749944
"34",2017-11-08 00:38:59,809620,809600,809620,0.01055928,0.2,13045.21009529,9826.41840269,253605.92699345
"35",2017-11-08 00:39:01,809620,809618,809782,0.46,7,13042.55829519,9845.41920319,253592.02834347
"36",2017-11-08 00:39:02,809620,809600,809734,1.51055928,0.05,13041.82189548,9839.66319336,253581.07727275
"37",2017-11-08 00:39:03,809620,809600,809734,1.51055928,0.05,13053.27839548,9829.74868745,253575.78623435
"38",2017-11-08 00:39:04,809620,809600,809733,1.51055928,7,13052.77839548,9837.24621738,253576.50263568
"39",2017-11-08 00:39:05,809620,809601,809733,3.60000172,7,13050.3783972,9840.19711788,253575.97827812
"40",2017-11-08 00:39:06,809733,809601,809734,3.60000172,0.05,13040.65029646,9831.43161788,253575.61058284
"41",2017-11-08 00:39:07,809601,809601,809790,1.18900098,0.78598377,13047.84369646,9829.00161788,253569.52158284
"42",2017-11-08 00:39:08,809601,809602,809732,1.0589,0.22,13056.30459744,9834.37161813,253559.52077812
"43",2017-11-08 00:39:10,809783,809604,809783,1.6401,3.5,13057.48579744,9835.40678745,253550.93927812
"44",2017-11-08 00:39:11,809783,809604,809782,0.6,0.22,13041.31109474,9846.0611882,253546.10796181
"45",2017-11-08 00:39:13,809783,809607,809783,0.60000098,2.23999976,13043.55109596,9828.87618572,253534.46080806
"46",2017-11-08 00:39:15,809783,809605,809783,1.2,1.23999976,13075.93409597,9831.47618572,253525.7680023
"47",2017-11-08 00:39:16,809783,809783,809788,0.01500024,0.01199459,13049.29149621,9863.5671818,253526.95300206
"48",2017-11-08 00:39:17,809790,809606,809790,0.5258,0.69797836,13046.30229597,9863.43718105,253526.75300206
"49",2017-11-08 00:39:18,809790,809602,809790,0.6,7.836e-05,13048.83651621,9865.83928253,253517.37090206
"50",2017-11-08 00:39:19,809998,809602,809899,0.6,0.60262463,13040.94751621,9864.03982781,253518.57945579
"51",2017-11-08 00:39:22,809999,809800,809999,3,0.6,13052.67261794,9853.64480293,253513.35746632
"52",2017-11-08 00:39:23,809999,809800,809999,3,5.219,13060.34241765,9870.06110293,253513.35746632
"53",2017-11-08 00:39:24,809999,809800,809998,3,0.6,13057.15691719,9860.76731538,253513.35746632
"54",2017-11-08 00:39:25,809999,809801,809998,0.9632,0.6,13054.85331645,9889.65801613,253512.54246632
"55",2017-11-08 00:39:26,809999,809800,809997,3,1.026,13054.21011645,9894.21801588,253512.24246632
"56",2017-11-08 00:39:27,809997,809802,809997,0.8193,0.53799149,13053.24111645,9902.09700837,253511.74246632
"57",2017-11-08 00:39:28,809996,809803,809996,1.0639,0.4,13052.28471719,9896.27171613,253511.81139632
"58",2017-11-08 00:39:29,809996,809869,809993,0.05,4.619,13054.24721827,9893.93841714,253510.47698412
"59",2017-11-08 00:39:30,809993,809869,809993,0.041,3.819,13051.64321655,9889.30241714,253511.12598412
"60",2017-11-08 00:39:31,809801,809808,809994,7,0.01199149,13057.31201753,9841.11670875,253511.70598412
"61",2017-11-08 00:39:32,809801,809809,809982,0.60000074,0.15,13050.10931729,9824.46870701,253509.72418506
"62",2017-11-08 00:39:33,809801,809809,809983,1.57310074,1,13049.15531768,9829.48182437,253508.43313506
"63",2017-11-08 00:39:34,809983,809810,809983,0.6,0.12398348,13049.12931677,9819.69581596,253507.86673506
"64",2017-11-08 00:39:35,809983,809810,809977,1.5816,0.01199179,13049.15881751,9820.34179944,253496.76673506
"65",2017-11-08 00:39:36,809811,809811,809983,7.59850083,0.12398348,13057.1651176,9846.88621645,253497.92071783
"66",2017-11-08 00:39:37,809983,809899,809982,1,1,13051.17541628,9859.9642177,253496.82328845
"67",2017-11-08 00:39:38,809982,809899,809982,1,0.99,13051.17541726,9850.35421695,253495.76328845
"68",2017-11-08 00:39:39,809982,809899,809982,1,0.0629,13040.51901652,9858.80941796,253495.59038845
"69",2017-11-08 00:39:40,810000,809901,810000,7,3.62688348,13057.35611726,9856.92341796,253495.85467131
"70",2017-11-08 00:39:41,810000,809901,810000,7,3.62688348,13049.58901653,9852.70941646,253493.75467131
"71",2017-11-08 00:39:42,810000,809975,810000,0.01,1.02688348,13046.59611741,9841.10941571,253494.34062131
"72",2017-11-08 00:39:43,810015,810015,810096,0.2676214,0.5,13042.46893741,9849.53622544,253495.65699881
"73",2017-11-08 00:39:44,810015,810015,810096,0.2676214,0.5,13042.46893741,9849.53622544,253495.65699881
"74",2017-11-08 00:39:46,810200,810113,810200,0.01,1.26199585,13057.3969379,9859.53002768,253498.90592905
"75",2017-11-08 00:39:47,810200,810113,810200,0.01,0.66199536,13058.61693864,9858.33002644,253499.50592954
"76",2017-11-08 00:39:48,810200,810114,810200,7,0.06199438,13061.65153888,9856.51232547,253498.89254766
"77",2017-11-08 00:39:49,810228,810018,810228,0.4179,0.37199438,13038.52443839,9861.28682622,253509.0785018
"78",2017-11-08 00:39:50,810228,810200,810228,0.0619,0.37199438,13040.72293937,9861.45682622,253507.4785018
"79",2017-11-08 00:39:51,810000,810000,810227,6.91422214,0.6,13042.51713986,9818.75152838,253510.88889618
"80",2017-11-08 00:39:52,810299,810000,810298,6.91422214,1.2,13054.96914158,9833.01153011,253510.30490471
"81",2017-11-08 00:39:53,810299,810000,810148,6.91422214,0.01,13054.96914158,9833.05413011,253510.10383471
"82",2017-11-08 00:39:54,810000,810001,810297,0.6877,0.39,13055.63944158,9820.94182936,253512.15233554
"83",2017-11-08 00:39:55,810398,810002,810174,7.043,0.01,13055.3972401,9817.29332984,253511.77363554
"84",2017-11-08 00:39:56,810174,810002,810397,6.843,0.9809,13054.23953937,9818.35753034,253511.48358554
"85",2017-11-08 00:39:57,810174,810022,810396,1.3,0.9465,13049.37453922,9832.3231291,253511.48053576
"86",2017-11-08 00:39:58,810023,810023,810395,2.6,0.69,13060.1706407,9866.81313009,253519.20926574
"87",2017-11-08 00:39:59,810400,810023,810400,3.3459,5.5937,13057.60464046,9863.33512549,253519.79910402
"88",2017-11-08 00:40:00,810400,810024,810400,1.9459,4.5937,13059.68464046,9849.51742501,253521.00303041
"89",2017-11-08 00:40:01,810700,810025,810223,7,0.002,13064.56897955,9811.1045042,253560.85303041
"90",2017-11-08 00:40:03,810149,810398,810399,0.9807,0.33,13058.94038643,9789.68705764,253558.29610999
"91",2017-11-08 00:40:04,810398,810574,810750,0.6,14.64769974,13117.68668677,9801.19786011,253563.31661037
"92",2017-11-08 00:40:05,810750,810574,810750,0.6,9.64769974,13115.28668677,9801.19786011,253568.31456037
"93",2017-11-08 00:40:06,810780,810574,810780,0.6,13.57769974,13111.88946512,9760.89786061,253600.46015954
"94",2017-11-08 00:40:07,810750,810750,810780,1.1568,11.57769974,13092.19956279,9772.12786086,253599.37365839
"95",2017-11-08 00:40:08,811269,811000,811269,10,4.20000273,13122.78396451,9717.49650902,253637.74365767
"96",2017-11-08 00:40:09,811269,811000,811269,9.99,7.70900372,13121.47525812,9721.22578874,253640.79958767
"97",2017-11-08 00:40:10,811269,811047,811269,20,6.38250161,13131.2978575,9690.38028589,253632.12859085
"98",2017-11-08 00:40:11,811270,811001,811270,1.99150013,38.49250161,13107.72005842,9674.65028614,253643.92859134
"99",2017-11-08 00:40:12,811270,811132,811270,0.043,38.46250161,13012.33205773,9689.28028713,253645.31725152
"100",2017-11-08 00:40:14,811270,811132,811269,0.613,0.6702,13030.8573607,9754.54048985,253629.91405129
"101",2017-11-08 00:40:15,811269,811269,811270,0.00800411,36.54270161,13020.3861687,9745.44048836,253634.85812906
"102",2017-11-08 00:40:16,811270,811201,811270,0.108,27.0466975,13014.0741687,9738.94448499,253644.87705906
"103",2017-11-08 00:40:17,811106,811106,811202,0.3575,1,13008.4370646,9792.74448499,253644.43063909
"104",2017-11-08 00:40:18,811104,810800,811104,0.02,1.4425,13010.74186297,9794.61278474,253634.88813909
"105",2017-11-08 00:40:21,810800,810800,811098,0.00620515,8.2,12864.94926837,9796.52438351,253634.04415628
"106",2017-11-08 00:40:22,810800,810800,811098,0.00620515,8.2,12864.94926837,9796.52438351,253634.04415628
"107",2017-11-08 00:40:23,811050,810974,811050,0.01,0.398,12894.9711579,9816.51618488,253656.20415628
"108",2017-11-08 00:40:24,810974,810547,810800,0.558,0.02,12861.5557579,9818.68748513,253656.21160711
"109",2017-11-08 00:40:25,810999,810548,810999,0.4,0.02,12909.5814582,9836.54948513,253650.86160711
"110",2017-11-08 00:40:27,810999,810802,810974,0.01,0.5,12907.19745967,9863.74728563,253648.55053711
"111",2017-11-08 00:40:28,810802,810799,810974,0.002,0.5,12898.85445991,9863.15758563,253648.45948711
"112",2017-11-08 00:40:29,810974,810551,810982,0.50000049,5,12893.52756036,9848.57218637,253649.05148711
"113",2017-11-08 00:40:30,810550,810720,810973,0.03,0.02,12882.20275865,9823.97461017,253646.56682376
"114",2017-11-08 00:40:31,810550,810720,810973,0.03,0.02,12882.20275865,9823.97461017,253646.56682376
"115",2017-11-08 00:40:32,810981,810720,810981,0.03,0.023,12820.80945963,9815.35851116,253646.57252376
"116",2017-11-08 00:40:33,810980,810553,810980,2.54000073,5.8,12847.29725878,9821.63081313,253646.11252376
"117",2017-11-08 00:40:34,810553,810553,810980,1.10000049,5.8,12843.39025569,9822.77081387,253646.20147376
"118",2017-11-08 00:40:35,810553,810555,810979,0.72,1.3873,12844.39725719,9816.17800804,253644.40947233
"119",2017-11-08 00:40:36,810979,810980,810982,28.61419947,4.723,12880.75475789,9813.02070706,253645.79677233
"120",2017-11-08 00:40:37,811000,810980,811000,9.61419947,16.50892702,12863.30945789,9798.72070632,253666.59005387
"121",2017-11-08 00:40:38,811000,810980,811000,9.61419947,11.00892702,12854.82475666,9793.22070607,253672.05505387
"122",2017-11-08 00:40:39,810980,810980,811000,4.99286112,10.66742702,12851.33341831,9807.71840608,253677.89406068
"123",2017-11-08 00:40:40,810980,810980,811000,2.73936112,10.66742702,12834.86091782,9804.31840682,253679.74649068
"124",2017-11-08 00:40:41,810980,810980,811000,2.73736124,10.66742702,12851.18191794,9811.81840707,253679.54849056
"125",2017-11-08 00:40:42,810980,810980,810999,0.73736124,7,12849.20191794,9819.84840707,253674.44848056
"126",2017-11-08 00:40:43,810980,810980,810999,0.73736124,7,12848.10191868,9808.94840682,253674.43848056
"127",2017-11-08 00:40:44,810999,810980,810999,0.70076124,6.9,12848.27531892,9808.24840608,253674.52508056
"128",2017-11-08 00:40:45,810570,810564,810899,0.4,7,12830.8735552,9811.03565289,253677.1258418
"129",2017-11-08 00:40:46,810500,810565,810780,0.6,0.1,12836.3435552,9807.34565265,253681.8247718
"130",2017-11-08 00:40:47,810780,810565,810899,0.6,7.01,12846.3105552,9807.04565265,253674.9237218
"131",2017-11-08 00:40:48,810899,810565,810899,0.6,6.34985252,12844.9521552,9802.97096764,253664.58386928
"132",2017-11-08 00:40:49,810595,810596,810700,0.78,1.3,12858.74175732,9801.15646789,253664.68386928
"133",2017-11-08 00:40:50,810596,810596,810899,0.74520096,4.63985252,12851.00855828,9798.11386912,253657.71866832
"134",2017-11-08 00:40:51,810596,810597,810899,0.6,4.63985252,12862.42895828,9797.18386912,253657.70761832
"135",2017-11-08 00:40:52,810596,810597,810898,0.78,0.01,12864.8037583,9806.71286912,253657.66761832
"136",2017-11-08 00:40:53,810597,810599,810899,0.589,3.52485252,12862.75115756,9807.60306912,253651.10261832
"137",2017-11-08 00:40:54,810597,810780,810898,0.00149987,0.959,12862.52145792,9808.56206912,253651.10261832
"138",2017-11-08 00:40:55,810597,810780,810796,0.00149987,0.002,12856.97985792,9808.95906789,253651.10261832
"139",2017-11-08 00:40:56,810564,810564,810899,3.97259987,2.85085252,12857.37095792,9797.62906789,253655.70261832
"140",2017-11-08 00:40:57,809607,810600,810898,0.9706,0.6,12839.942559,9797.00771047,253665.68454832
"141",2017-11-08 00:40:58,810600,810570,810705,0.1,0.99,12840.65421374,9793.97448129,253666.06014443
"142",2017-11-08 00:40:59,810170,810170,810705,2.34,0.99,12859.64541202,9796.52138203,253664.19729447
"143",2017-11-08 00:41:01,810171,810171,810500,0.19,1.6268,12860.82421349,9805.27127669,253664.4847948
"144",2017-11-08 00:41:02,810171,810171,810500,0.19,1.6268,12853.82421349,9805.27127669,253663.4847948
"145",2017-11-08 00:41:04,810499,810103,810499,2.5,0.78280005,12858.96381128,9823.29387853,253664.27427489
"146",2017-11-08 00:41:05,810499,810104,810499,0.6,0.77079997,12891.34381128,9838.38188018,253664.19627497
"147",2017-11-08 00:41:06,810172,810104,810172,0.6,0.98,12887.72581079,9829.99377947,253662.22520497
"148",2017-11-08 00:41:08,810172,810105,810172,1.0732,0.94,12893.02291103,9824.97027823,253662.18479497
"149",2017-11-08 00:41:09,810000,809889,810000,1.20000024,11.4028,12884.05571054,9829.51717699,253665.78099497
"150",2017-11-08 00:41:10,810000,809889,810000,1.20000024,10.2768,12884.45571054,9851.87827823,253666.90699497
"151",2017-11-08 00:41:11,809889,809969,809999,0.01,1.8442,12867.47691004,9846.17433668,253667.05379497
"152",2017-11-08 00:41:12,809889,809888,809999,1.3,1.8442,12869.7577098,9851.22433668,253668.74079497
"153",2017-11-08 00:41:13,809607,809607,809889,1.28485577,1.8145,12867.35771078,9853.17667698,253671.15979497
"154",2017-11-08 00:41:14,809889,809607,809889,1.80000172,0.63167926,12861.86667758,9849.244144,253672.53056571
"155",2017-11-08 00:41:15,809700,809608,809630,0.36,1,12875.77667709,9813.48231543,253679.26291571
"156",2017-11-08 00:41:16,809630,809607,809630,0.50000074,0.6734023,12876.91357709,9804.46536625,253677.98761703
"157",2017-11-08 00:41:18,809600,809600,809629,0.00255928,1.3754,12879.78357586,9807.92346799,253676.51861678
"158",2017-11-08 00:41:19,809600,809600,809608,7.99255928,0.02,12888.60657722,9803.143467,253666.52861678
"159",2017-11-08 00:41:20,809600,809600,809608,7.98005928,0.32,12888.01407746,9801.97006625,253666.54011678
"160",2017-11-08 00:41:21,809370,809601,809608,0.3309,0.32,12872.53262998,9803.34246724,253674.21061678
"161",2017-11-08 00:41:22,809608,809601,809628,0.0109,0.6,12873.14943121,9796.92976575,253674.27961678
"162",2017-11-08 00:41:23,809601,809384,809600,0.32,1.66,12882.31753132,9808.10500976,253673.33946678
"163",2017-11-08 00:41:24,809370,809370,809601,7.61996026,0.0109,12867.62973034,9809.80642415,253673.34946475
"164",2017-11-08 00:41:25,809100,809101,809256,0.32,0.03,12871.14973304,9815.55152341,253683.32946475
"165",2017-11-08 00:41:26,809288,809385,809387,0.24,0.03,12860.38973108,9833.63972341,253684.28480648
"166",2017-11-08 00:41:27,809507,809385,809507,0.24,0.456,12869.41273157,9844.44472451,253686.94344151
"167",2017-11-08 00:41:28,809507,809385,809506,0.24,1.5649,12864.71476991,9855.42342451,253687.96244151
"168",2017-11-08 00:41:29,809385,809385,809505,0.21,7.6,12866.09096991,9861.73542501,253688.6024425
"169",2017-11-08 00:41:30,809505,809122,809504,0.29,0.6,12867.28097065,9830.90162535,253702.95914216
"170",2017-11-08 00:41:31,809506,809387,809506,0.00149997,1.15010006,12866.3055689,9817.20062507,253701.9628921
"171",2017-11-08 00:41:32,809506,809387,809503,0.00149997,1.8931,12867.71646884,9820.10882575,253701.7218921
"172",2017-11-08 00:41:33,809506,809387,809500,0.00149997,0.005,12867.21646884,9813.43982575,253699.7208921
"173",2017-11-08 00:41:35,809483,809124,809483,0.3686,0.99799992,12842.74866988,9824.69072572,253701.92045099
"174",2017-11-08 00:41:36,809483,809124,809483,0.1486,0.99799992,12858.88856991,9824.59972572,253698.71045099
"175",2017-11-08 00:41:37,809483,809113,809482,0.48,1.6966,12878.25216899,9833.18692547,253698.80045099
"176",2017-11-08 00:41:38,809483,809113,809481,0.12,6.58154842,12945.60356948,9865.06057414,253678.11190099
"177",2017-11-08 00:41:39,809481,809113,809481,0.88,5.58154842,12917.69856791,9857.06357438,253666.11190099
"178",2017-11-08 00:41:40,809481,809114,809476,1.19520006,0.005,12889.47576913,9879.81872646,253660.11190099
"179",2017-11-08 00:41:41,809481,809115,809475,0.88,5.58154842,12858.96356931,9893.14027488,253653.9663179
"180",2017-11-08 00:41:42,809481,809114,809475,0.1929,5.58154842,12858.01366937,9890.33597463,253649.24208963
"181",2017-11-08 00:41:43,809475,809115,809474,0.29,1.9823,12940.04967011,9868.96317527,253642.98061372
"182",2017-11-08 00:41:44,809473,809275,809473,0.002,5.50974856,12929.24577011,9857.34957439,253636.6810834
"183",2017-11-08 00:41:45,809275,809116,809473,0.1929,7.52204856,12926.63866962,9865.29787562,253630.91799868
"184",2017-11-08 00:41:46,809473,809116,809349,0.1929,0.01,12953.99696889,9861.14744963,253627.8299935
"185",2017-11-08 00:41:48,809473,809113,809317,1.19520006,0.17,13014.58086889,9868.58566447,253625.28048006
"186",2017-11-08 00:41:49,809473,809113,809317,1.19520006,0.17,12952.06406889,9861.51196273,253625.28048006
"187",2017-11-08 00:41:50,809080,809080,809312,20.10140006,0.005,12944.80006889,9849.11066174,253629.76740852
"188",2017-11-08 00:41:51,809080,809080,809312,20.10140006,0.005,12898.40006889,9878.11166204,253629.26740852
"189",2017-11-08 00:41:52,809112,809080,809112,20.10140006,1.3242,12907.54626865,9865.36546149,253626.71257279
"190",2017-11-08 00:41:53,809080,809080,809315,18.10140006,1.8242,12906.16626791,9868.12251299,253628.92527279
"191",2017-11-08 00:41:54,809317,809080,809314,15.61920014,0.26,12907.82196799,9865.85831299,253624.26987312
"192",2017-11-08 00:41:55,809080,809080,809314,7.80120014,1.1101,12899.98396799,9867.47841249,253630.70190312
"193",2017-11-08 00:41:56,809008,809008,809310,4.54377312,0.005,12891.72654097,9872.06827687,253639.28638914
"194",2017-11-08 00:41:57,809000,809000,809080,0.2273461,0.85170003,12864.91111395,9880.97582839,253662.50076616
"195",2017-11-08 00:41:58,808880,808881,809000,0.7188,2,12852.70048693,9880.34087716,253668.61819318
"196",2017-11-08 00:41:59,808880,808880,809000,25.46871908,2,12849.67148693,9882.96687993,253668.66819318
"197",2017-11-08 00:42:00,808265,808265,809000,4.54768398,1.99820044,12818.59835183,9878.98123087,253693.35020596
"198",2017-11-08 00:42:01,808265,808265,808596,17.13768398,0.1,12831.41027075,9886.0255284,253693.24268781
"199",2017-11-08 00:42:02,808876,808265,808409,16.50768398,0.03,12828.46027075,9886.46112814,253693.86268781
"200",2017-11-08 00:42:03,808596,808455,808566,0.01,0.06800022,12829.07238662,9866.81949781,253703.5096692
"201",2017-11-08 00:42:04,808596,808455,808566,0.01,0.06800022,12831.1920233,9863.67948383,253702.90966849
"202",2017-11-08 00:42:05,808315,808449,808566,15,0.03800022,12859.32935898,9859.15648533,253701.96966849
"203",2017-11-08 00:42:06,808315,808449,808566,15,0.03800022,12865.13935799,9858.07148563,253665.1337994
"204",2017-11-08 00:42:07,808566,808566,808604,0.00179924,0.005,12876.29985747,9862.65738616,253665.17179962
"205",2017-11-08 00:42:08,808450,808566,808604,1,0.005,12860.30335898,9860.807232,253663.64099899
"206",2017-11-08 00:42:09,808871,808567,808871,0.25,0.6619,12869.26595996,9856.14913522,253662.10920013
"207",2017-11-08 00:42:10,808800,808567,808800,0.25,0.76282,12860.45925946,9850.84945298,253661.70318178
"208",2017-11-08 00:42:11,808800,808567,808800,0.25,0.76282,12861.9088944,9865.89945397,253659.74716343
"209",2017-11-08 00:42:12,808800,808568,808799,1.1634,0.92,12863.24636568,9871.94555422,253658.77416343
"210",2017-11-08 00:42:13,808799,808569,808800,0.72,0.76282,12863.93386568,9870.75855398,253658.40416343
"211",2017-11-08 00:42:14,808569,808569,808798,0.71,0.6,12867.84776593,9853.62525476,253647.76116343
"212",2017-11-08 00:42:15,808799,808799,808800,0.068,2.76282,12871.15576841,9846.62225278,253638.57279343
"213",2017-11-08 00:42:17,808800,808574,808799,0.63,0.32,12852.56516594,9850.57455349,253632.95219316
"214",2017-11-08 00:42:18,808800,808574,808799,0.63,0.32,12852.56516594,9850.57455349,253633.06219316
"215",2017-11-08 00:42:19,808800,808799,808800,0.00479974,0.57121181,12850.35670839,9840.44254494,253634.6708021
"216",2017-11-08 00:42:20,808800,808799,808800,0.00479974,0.57121181,12849.15670815,9849.64254644,253634.6608021
"217",2017-11-08 00:42:21,808799,808574,808799,1.4747,0.20846001,12855.35548219,9849.88100892,253633.47517244
"218",2017-11-08 00:42:22,808799,808575,808799,1.27,0.92,12848.55178229,9846.97604792,253633.46517244
"219",2017-11-08 00:42:23,808999,808601,808999,1.52000098,0.77471181,12863.29878253,9849.36441956,253632.57517244
"220",2017-11-08 00:42:24,808913,808601,808913,0.8444,0.113,12861.25496696,9850.23580611,253635.56417244
"221",2017-11-08 00:42:25,809000,809000,809222,8.35640103,0.7,12861.62418871,9868.81270581,253631.5032987
"222",2017-11-08 00:42:26,809000,809000,809221,7.74180103,0.2631,12852.31758847,9879.20880581,253631.2378987
"223",2017-11-08 00:42:27,809001,809001,809372,0.589,0.25614893,12871.20658895,9882.35475133,253631.85075029
"224",2017-11-08 00:42:28,809001,809001,809086,2.4742,0.01,12872.32738895,9898.13660539,253631.84970029
"225",2017-11-08 00:42:29,809192,809002,809192,1.7952,0.339,12870.74839042,9900.08760315,253626.88270029
"226",2017-11-08 00:42:30,809454,809397,809454,0.502,0.02000025,12876.64409042,9901.5726034,253633.16668194
"227",2017-11-08 00:42:31,809397,809086,809333,0.01,0.09800025,12876.05509042,9902.26670365,253632.05868171
"228",2017-11-08 00:42:33,809500,809004,809501,0.503,0.005898,12866.01081217,9842.74152817,253672.23375287
"229",2017-11-08 00:42:34,809810,809503,809810,6.80203032,0.8694023,12872.81284249,9837.73563017,253676.62865087
"230",2017-11-08 00:42:35,809723,809723,809809,1.8,8.39600174,12894.26902028,9836.28363386,253674.61355087
"231",2017-11-08 00:42:36,809723,809723,809809,0.18999975,5.47300099,12905.69604421,9833.43163386,253675.71255112
"232",2017-11-08 00:42:37,809810,809504,809810,2.17717065,0.7694023,12900.14534421,9833.06693362,253671.3215511
"233",2017-11-08 00:42:39,809703,809703,809723,4.99850073,0.00199948,12881.27674525,9835.93173129,253669.73656433
"234",2017-11-08 00:42:40,809741,809810,809830,2.98800052,0.002,12877.67564577,9835.91973181,253676.73856381
"235",2017-11-08 00:42:41,809741,809810,809830,2.98800052,0.002,12874.21609728,9826.57143181,253676.65507929
"236",2017-11-08 00:42:43,809503,809200,809500,0.02,7.88879821,12870.00106669,9817.359631,253688.45823108
"237",2017-11-08 00:42:44,809500,809200,810000,0.02,5.76799821,12874.80106718,9802.57800165,253705.69303108
"238",2017-11-08 00:42:45,810000,810000,810012,23.0020003,0.253,12901.73686674,9800.41000246,253712.13923078
"239",2017-11-08 00:42:46,810000,810000,810012,21.20199757,0.253,12907.13836377,9799.84000221,253713.93923351
"240",2017-11-08 00:42:47,810050,810001,810250,0.59850073,0.2,12900.76636401,9783.90772982,253716.34433735
"241",2017-11-08 00:42:48,810000,810001,810250,0.59850073,0.2,12914.26486572,9787.62153081,253718.85328735
"242",2017-11-08 00:42:49,810000,810000,810250,6.96720029,0.2,12899.36506736,9787.62153081,253729.56808609
"243",2017-11-08 00:42:50,810000,809704,809900,1.20000024,0.42799971,12889.20516661,9806.40523251,253736.00968638
"244",2017-11-08 00:42:51,809200,809200,809650,9.996,0.02,12880.08496661,9837.75743324,253741.02361638
"245",2017-11-08 00:42:52,809200,809201,809649,0.1431,0.06,12873.42076612,9836.31370226,253741.20911638
"246",2017-11-08 00:42:53,809500,809201,809500,0.1431,7.59999926,12871.68286612,9841.60140079,253742.70911712
"247",2017-11-08 00:42:54,809500,809211,809899,2,0.6,12902.29286563,9839.28963088,253738.53811712
"248",2017-11-08 00:42:55,809898,809574,809898,0.01,1.50385043,12880.80776514,9833.02985344,253735.71916669
"249",2017-11-08 00:42:56,809898,809600,809897,0.02,1.31230073,12898.33016612,9816.7712557,253730.66916669
"250",2017-11-08 00:42:57,809898,809699,809897,7,1.31230073,12893.0110671,9794.04325525,253729.24226669
"251",2017-11-08 00:42:58,810000,809699,809800,7,1.3,12852.9027671,9764.27865327,253738.14776669
"252",2017-11-08 00:42:59,810000,809699,809800,7,1.3,12848.8625666,9765.37865452,253738.08701019
"253",2017-11-08 00:43:00,810000,809800,809897,1.3,0.06,12854.19096685,9764.29825477,253738.08496019
"254",2017-11-08 00:43:01,809900,809801,810000,7.6,2.42335121,12868.29196709,9758.93388313,253738.44389019
"255",2017-11-08 00:43:02,809801,809801,810000,7.16879017,0.42335121,12865.99075702,9763.29488373,253739.26138463
"256",2017-11-08 00:43:03,809801,809900,810000,0.36,0.42335121,12872.39575726,9762.46768346,253727.36138463
"257",2017-11-08 00:43:04,809900,809802,810000,0.6,0.42335121,12873.31196783,9758.62768569,253721.28201463
"258",2017-11-08 00:43:05,809802,809780,809897,0.001,0.01,12872.38296758,9759.01438569,253716.71531463
"259",2017-11-08 00:43:06,809897,809803,809897,1.1776,0.00850103,12864.56056611,9756.45518622,253714.70309791
"260",2017-11-08 00:43:07,809319,809319,809897,2.30000049,0.00850103,12870.66056759,9756.35728622,253718.81308891
"261",2017-11-08 00:43:08,809319,809804,809897,0.6596,0.00850103,12876.43966686,9756.50718622,253719.81308891
"262",2017-11-08 00:43:09,809804,809804,809897,0.4473,0.00850103,12868.10736686,9758.60718622,253720.02538891
"263",2017-11-08 00:43:10,809602,809602,809899,0.4596,1.292,12868.24704397,9756.28240073,253723.16756241
"264",2017-11-08 00:43:11,809603,809603,809804,6.8,0.00179926,12876.46804501,9752.98487113,253713.46756241
"265",2017-11-08 00:43:14,809805,809805,810001,7.4641,0.01,12896.56676944,9748.37900024,253705.80711167
"266",2017-11-08 00:43:15,809805,809805,810000,7.3641,0.48,12896.46676895,9757.17000098,253704.15711167
"267",2017-11-08 00:43:16,809805,809806,810000,0.5869,0.48,12893.30016895,9756.30680048,253699.15604167
"268",2017-11-08 00:43:17,809806,809806,809999,0.3869,0.831,12884.57016895,9765.94720083,253698.65704167
"269",2017-11-08 00:43:18,809806,809806,809980,0.3,0.5,12884.28326969,9765.77110157,253698.03028714
"270",2017-11-08 00:43:19,809806,809806,809979,0.2,0.82949993,12867.78326895,9765.95934827,253696.59483721
"271",2017-11-08 00:43:20,809806,809807,809979,7,0.82949993,12880.87356993,9765.35934777,253696.60483721
"272",2017-11-08 00:43:21,809807,809807,809977,7.2978,0.82949993,12881.51816944,9746.62484579,253694.11478721
"273",2017-11-08 00:43:22,810001,809808,809999,0.5097,1.20000025,12884.84409293,9747.30534586,253699.73428739
"274",2017-11-08 00:43:23,810001,809978,809998,0.5283,0.82949993,12885.68469293,9751.53784678,253697.81716739
"275",2017-11-08 00:43:24,810449,810103,810249,4.47049982,1.5229,12898.75619256,9745.59734688,253700.51473683
"276",2017-11-08 00:43:25,810104,809806,810048,0.19,0.27820093,12885.7662402,9744.14260282,253703.35553665
"277",2017-11-08 00:43:26,810449,810104,810404,7,22.5,12875.93933793,9782.32856973,253703.45273739
"278",2017-11-08 00:43:27,810105,810105,810403,0.2419,3.80000124,12881.15794039,9788.92567048,253703.64473739
"279",2017-11-08 00:43:28,810105,810105,810251,0.2419,0.01,12885.15794039,9774.29477023,253696.64273751
"280",2017-11-08 00:43:29,810104,810250,810251,3.1419,0.01,12888.69214064,9791.38547098,253698.82668751
"281",2017-11-08 00:43:31,810250,810250,810401,1.8255,9.08000323,12882.52204013,9809.20167197,253698.31684904
"282",2017-11-08 00:43:32,810073,810072,810400,0.379,0.47050007,12877.8470407,9813.59617031,253700.07360844
"283",2017-11-08 00:43:33,810073,810072,810251,0.379,2,12877.5270407,9812.58216981,253699.36880844
"284",2017-11-08 00:43:34,809801,809801,810250,3.31160116,0.62,12874.54244094,9809.34216881,253702.81880844
"285",2017-11-08 00:43:35,810251,809808,810250,0.5099,1.4537,12879.93584244,9812.99386906,253695.61880844
"286",2017-11-08 00:43:36,810399,810073,810399,0.12949993,5.58370149,12890.08534237,9811.2218703,253700.60880844
"287",2017-11-08 00:43:37,809808,809808,810249,0.83939993,0.7071,12879.71031462,9796.54927038,253696.21866705
"288",2017-11-08 00:43:38,809808,809809,810107,7.02749985,0.09,12889.44118703,9831.61427088,253695.20394984
"289",2017-11-08 00:43:39,809808,809809,810107,1.2015,0.09,12887.67578627,9830.92667081,253694.70394984
"290",2017-11-08 00:43:40,810404,809809,810247,1.0015,0.11,13090.669087,9830.06096974,253698.42794984
"291",2017-11-08 00:43:41,810270,809977,810247,0.00105437,0.65200008,13096.89066452,9831.77557081,253702.23534984
"292",2017-11-08 00:43:43,810449,810448,810449,2.2084,4.0607752,13184.97511574,9803.51137169,253716.37995
"293",2017-11-08 00:43:44,810600,810600,810625,6.926,0.03,13183.85364589,9807.45559713,253709.89684454
"294",2017-11-08 00:43:45,810601,810601,810809,0.564,4.20000274,13194.4369203,9804.19359675,253710.43348243
"295",2017-11-08 00:43:46,810999,810736,810999,50,0.88300075,13243.53062267,9802.69359551,253709.26299243
"296",2017-11-08 00:43:47,810999,810834,810999,0.03,0.17800075,13250.95162379,9796.57859625,253707.8582842
"297",2017-11-08 00:43:48,811139,810810,811139,7,2.45182149,13253.64812428,9787.65541551,253713.5482842
"298",2017-11-08 00:43:49,811140,810810,811140,7,13.05342149,13234.53362403,9781.97101551,253711.65820129
"299",2017-11-08 00:43:50,811140,810842,811140,10,3.75342149,13244.75162431,9763.48101402,253718.97540024
"300",2017-11-08 00:43:51,811200,811200,811204,4.34807851,0.007,13253.45720395,9765.88199305,253704.35365274
"301",2017-11-08 00:43:52,811300,811216,811300,9.92120066,11.09606468,13280.83223998,9744.44592376,253726.96078429
"302",2017-11-08 00:43:53,811500,811216,811500,9.52120066,0.53446224,13281.52483974,9726.8159208,253741.56960661
"303",2017-11-08 00:43:54,811980,811801,811980,2,11.53786224,13266.20403803,9722.51402154,253746.42990661
"304",2017-11-08 00:43:55,811801,811801,811980,1.53,4.77786224,13282.46073753,9722.35402155,253751.91990592
"305",2017-11-08 00:43:56,811801,811801,812000,1.51,2.80168224,13261.25703647,9682.58402279,253804.79338221
"306",2017-11-08 00:43:57,811969,811802,811865,6.21718,0.01,13262.22651647,9677.17402279,253817.8666453
"307",2017-11-08 00:43:58,811980,811890,811980,0.272,0.959,13180.85821174,9638.43232253,253834.56844584
"308",2017-11-08 00:43:59,811890,811890,811979,0.262,0.15,13174.88103209,9615.98232352,253837.00689068
"309",2017-11-08 00:44:00,811980,811890,811980,0.262,8.49336,13187.78103355,9614.34668253,253835.17653068
"310",2017-11-08 00:44:01,811980,811890,811980,0.262,8.48336,13186.93923185,9614.36668253,253833.9449027
"311",2017-11-08 00:44:02,811980,811890,811980,0.262,8.58336,13131.06933234,9652.56668229,253832.93404409
"312",2017-11-08 00:44:03,812176,811890,812176,0.262,3.27241441,13133.29774926,9646.46232318,253843.46407192
"313",2017-11-08 00:44:04,811506,811507,811979,0.6,2,13119.91778406,9652.83739668,253834.77188959
"314",2017-11-08 00:44:05,811890,811507,811890,0.6,0.79029821,13196.32568601,9612.1866939,253835.43828887
"315",2017-11-08 00:44:06,812241,811768,812099,0.01,0.57,13217.8638865,9641.70319341,253838.56531895
"316",2017-11-08 00:44:07,811892,811892,812098,0.24000098,0.13799951,13280.06388601,9625.29678437,253837.94009132
"317",2017-11-08 00:44:08,811891,811768,811890,0.01,3.36359116,13215.67708332,9622.52777824,253856.33809156
"318",2017-11-08 00:44:09,811610,811506,811610,2.40000073,4.08099951,13266.77378423,9653.02067726,253869.9261104
"319",2017-11-08 00:44:10,811609,811713,811942,2.4e-07,0.08,13153.70218398,9624.64067553,253890.45680709
"320",2017-11-08 00:44:11,811506,811506,812348,0.4,0.46200049,13065.17828374,9677.836578,253899.96780709
"321",2017-11-08 00:44:12,811507,811600,812241,0.02,12,13065.07128201,9691.93310783,253901.89910709
"322",2017-11-08 00:44:13,812241,811600,812200,0.02,7,13074.30308201,9706.32220734,253901.80511788
"323",2017-11-08 00:44:14,811558,811558,812050,0.32,0.02,13061.68598299,9743.38930659,253901.57991716
"324",2017-11-08 00:44:15,811430,811220,811430,0.1,15.72400001,13034.66998324,9750.57330487,253910.75481715
"325",2017-11-08 00:44:17,811430,811350,811430,0.01,0.50629653,12880.83608208,9748.59767562,253920.78915178
"326",2017-11-08 00:44:19,811540,811462,811540,4.80000049,0.09999927,12876.8095436,9755.94099723,253913.80568003
"327",2017-11-08 00:44:21,811900,811550,811679,0.6,0.9605,12906.22654384,9758.88049847,253910.76858003
"328",2017-11-08 00:44:22,811500,811500,811630,7.759,0.002,12902.14754335,9768.29249773,253911.20858003
"329",2017-11-08 00:44:23,811500,811551,811877,1.3834,0.459,12896.75614384,9752.60729749,253911.90138078
"330",2017-11-08 00:44:24,811877,811551,811877,1.3834,0.399,12953.63814531,9765.88929823,253911.95358104
"331",2017-11-08 00:44:25,811659,811552,811659,7,0.291,12956.70714507,9744.70629823,253925.40980841
"332",2017-11-08 00:44:26,811876,811552,811876,7,0.5465,12956.40714507,9767.45279922,253921.47873841
"333",2017-11-08 00:44:27,811876,811659,811875,0.3,0.37,12927.71194306,9762.61069922,253916.39997694
"334",2017-11-08 00:44:28,811553,811553,811876,1.3305,0.66,12933.24244477,9763.44369996,253916.20997694
"335",2017-11-08 00:44:29,811561,811561,811620,6,0.1,12947.00194477,9758.25219873,253913.56147694
"336",2017-11-08 00:44:30,811700,811700,811799,47.9,0.37,12981.9599433,9768.33859873,253915.36147694
"337",2017-11-08 00:44:31,811889,811700,811889,45.9,7.2064,12995.25994526,9755.6385997,253919.75047694
"338",2017-11-08 00:44:32,811700,811700,811798,46.9,0.4701,12998.81434578,9786.9746997,253914.59467694
"339",2017-11-08 00:44:33,811700,811700,811886,26.0691,7,12972.98344578,9811.0345997,253935.36557694
"340",2017-11-08 00:44:34,811700,811700,811886,21.51760012,6.56274324,12963.63194541,9827.15134294,253939.53996035
"341",2017-11-08 00:44:35,811700,811700,811885,10.40450012,0.011,12943.66084457,9826.2603422,253950.16271035
"342",2017-11-08 00:44:36,811201,811201,811600,0.49600049,0.1,12922.51854374,9842.66029748,253963.86464035
"343",2017-11-08 00:44:37,811201,811201,811450,0.49600049,0.1,12923.03854374,9842.32329748,253963.86464035
"344",2017-11-08 00:44:39,811201,811201,811540,0.41600049,5,12859.13141411,9810.64765498,253960.20005433
"345",2017-11-08 00:44:40,811201,811200,811539,0.02,3.40977307,12852.71541362,9814.44642805,253960.20005433
"346",2017-11-08 00:44:41,810819,811150,811539,0.32124324,4.00977307,12848.52765857,9805.01267006,253960.30195433
"347",2017-11-08 00:44:44,811201,811202,811345,0.94124324,0.01,12860.97190334,9813.28365608,253962.54320239
"348",2017-11-08 00:44:46,811345,811202,811465,0.79124324,0.4111,12867.54205923,9804.6266021,253955.41530239
"349",2017-11-08 00:44:47,811202,811202,811465,0.75124324,0.40960033,12868.10206021,9809.3043017,253953.74520206
"350",2017-11-08 00:44:48,811222,811222,811464,1.88,0.4104,12887.69081624,9802.90510013,253952.53825206
"351",2017-11-08 00:44:50,810631,810421,810601,1.5895,0.03,12885.262315,9807.76933206,253958.77063064
"352",2017-11-08 00:44:51,810421,810422,810601,0.6,0.03,12883.21464364,9808.96013227,253960.44563064
"353",2017-11-08 00:44:52,810601,810422,810601,0.6,0.028,12860.8156435,9819.40853276,253960.20980953
"354",2017-11-08 00:44:53,810801,810801,810934,0.54622665,0.005,12859.3228704,9827.07156134,253960.66978193
"355",2017-11-08 00:44:54,810801,810801,810933,0.43742665,1.41177205,12856.19487092,9829.70293339,253963.13188193
"356",2017-11-08 00:44:55,810803,810803,810933,0.59,1.41177205,12859.68487116,9830.19593301,253962.40242193
"357",2017-11-08 00:44:56,810801,810801,810933,0.43592738,1.41177205,12865.5610415,9831.98393777,253962.31829721
"358",2017-11-08 00:44:57,810801,810801,810928,0.43592738,0.005,12892.18104224,9842.12073855,253955.58764493
"359",2017-11-08 00:44:58,810801,810802,810928,0.5406,0.005,12872.66214237,9835.59683756,253950.32298817
"360",2017-11-08 00:44:59,810801,810802,810928,7.5406,0.005,12864.28844261,9834.08506526,253950.95198817
"361",2017-11-08 00:45:00,810801,810802,810932,7,0.203,12858.1823715,9837.77946551,253949.00105539
"362",2017-11-08 00:45:02,811250,811000,811348,7.89240048,0.4,12871.46054236,9819.86346525,253945.49546505
"363",2017-11-08 00:45:03,811000,811000,811348,7.82300048,0.4,12874.41664344,9819.96346525,253944.63746505
"364",2017-11-08 00:45:04,811463,810804,811463,6.73610048,18.282,12918.85464241,9819.76896015,253955.05746505
"365",2017-11-08 00:45:05,811463,811071,811111,0.017,0.7,12937.10737107,9820.42296015,253955.05746505
"366",2017-11-08 00:45:06,811463,811072,811111,7,0.7,12955.19864316,9819.88976212,253950.27812112
"367",2017-11-08 00:45:07,811072,811072,811106,6.95,0.005,12945.86554267,9830.1179636,253944.32522112
"368",2017-11-08 00:45:08,811010,811010,811098,1.995,0.192,12936.59354193,9830.80996385,253922.77892049
"369",2017-11-08 00:45:09,811073,811073,811098,1.6331,0.192,12956.63574242,9845.30696682,253917.25812049
"370",2017-11-08 00:45:10,811111,811074,811111,7,0.177,12942.84854193,9840.31336557,253912.88892049
"371",2017-11-08 00:45:11,811111,811075,811111,1.4041,0.157,12943.23264144,9837.85926261,253913.42892049
"372",2017-11-08 00:45:13,811161,811110,811161,1,0.398,12933.5306407,9824.00606093,253901.68488269
"373",2017-11-08 00:45:14,811073,810811,811010,0.6,0.33169941,12931.5306407,9824.33776034,253903.68488269
"374",2017-11-08 00:45:15,810811,810812,811010,1.1351,0.33169941,12921.2107407,9825.6521601,253903.67488269
"375",2017-11-08 00:45:16,810811,810935,811010,0.01,0.33169941,12926.85754119,9821.52666411,253902.56288271
"376",2017-11-08 00:45:17,811076,811110,811160,0.5,0.8046,12938.54384203,9820.58366198,253900.57226117
"377",2017-11-08 00:45:18,811463,811110,811463,0.5,17.0106,12935.78444266,9823.90966568,253900.44626117
"378",2017-11-08 00:45:19,811463,811161,811210,1.2026,0.002,12935.39704266,9814.01166222,253904.54626117
"379",2017-11-08 00:45:20,811540,811500,811540,0.61019974,3,12957.77684265,9827.22186221,253919.40269506
"380",2017-11-08 00:45:21,811540,811500,811540,0.61019974,3,12986.03624185,9833.63436953,253912.40269506
"381",2017-11-08 00:45:22,811500,811500,811540,0.56019974,3,13061.27104213,9817.61136378,253912.46522506
"382",2017-11-08 00:45:24,811600,811540,811650,1,0.02,13150.17967224,9809.98536378,253909.9156261
"383",2017-11-08 00:45:25,811600,811540,811650,1,0.02,13202.00967102,9819.78536428,253908.4156261
"384",2017-11-08 00:45:26,811666,811703,811767,0.004,0.01,13227.86407176,9802.96536106,253908.1209261
"385",2017-11-08 00:45:27,811666,811666,811899,0.274,0.5,13228.71207176,9812.95536156,253903.1669261
"386",2017-11-08 00:45:28,811920,811780,811920,0.03,12.53,13239.792672,9802.95936156,253912.8848061
"387",2017-11-08 00:45:29,811541,811541,811920,0.6,12.53,13234.60607234,9806.67536255,253914.94410636
"388",2017-11-08 00:45:30,811541,811667,811825,1.011,0.01,13233.493672,9801.34536255,253912.71597012
"389",2017-11-08 00:45:31,811541,811668,811825,1.5693,0.01,13232.86197176,9812.1836334,253907.37596766
"390",2017-11-08 00:45:32,811541,811668,811825,0.9693,0.01,13234.161972,9802.61363167,253907.35596766
"391",2017-11-08 00:45:33,811667,811669,811825,0.5693,0.01,13236.51257176,9793.99326329,253907.91860028
"392",2017-11-08 00:45:34,811918,811669,811916,0.5693,1.1908,13253.911772,9786.58616304,253908.85807028
"393",2017-11-08 00:45:35,811920,811669,811919,0.5693,0.709,13264.27604462,9778.21516329,253918.85700028
"394",2017-11-08 00:45:36,811920,811670,811920,1.7664,4.3508,13260.69314389,9783.50616279,253920.31471026
"395",2017-11-08 00:45:37,811920,811670,811919,1.7664,0.13,13303.19244389,9788.62016378,253921.01071028
"396",2017-11-08 00:45:38,811920,811670,811920,7,4.3508,13321.95130811,9791.25316181,253920.61071028
"397",2017-11-08 00:45:39,811670,811670,811919,7,0.6307,13319.55850825,9806.32686181,253919.11706586
"398",2017-11-08 00:45:42,812000,811672,811916,0.6,0.02,13334.34750874,9809.19736205,253927.54892786
"399",2017-11-08 00:45:43,811920,812000,812150,0.5,0.4,13322.84700818,9801.77750208,253936.91031783
"400",2017-11-08 00:45:44,811920,812000,812150,0.5,0.4,13306.5329093,9782.77454479,253933.25498783
"401",2017-11-08 00:45:45,812000,812000,812150,0.47850033,0.4,13334.67080939,9772.43054479,253931.32724888
"402",2017-11-08 00:45:46,812000,812001,812200,0.6,0.32000074,13351.9528094,9763.39354504,253932.62924886
"403",2017-11-08 00:45:47,812120,812198,812200,0.718,0.30900074,13255.47040906,9758.91855104,253933.24914886
"404",2017-11-08 00:45:48,812120,812198,812200,0.718,0.30900074,13243.78940682,9759.6805503,253933.14914886
"405",2017-11-08 00:45:49,812200,812198,812200,0.718,0.2756172,13243.27540682,9766.8251675,253933.2139324
"406",2017-11-08 00:45:50,812200,812198,812200,0.718,8.2756172,13237.8424056,9769.3251675,253933.22388867
"407",2017-11-08 00:45:51,812198,812178,812295,5,7.6241172,13250.75440755,9746.19166626,253942.85275061
"408",2017-11-08 00:45:52,812198,812200,812295,0.5273,7.6241172,13251.05650682,9756.23546676,253943.22195061
"409",2017-11-08 00:45:53,812279,812178,812279,5,16.254,13260.7822078,9777.88946849,253944.13523736
"410",2017-11-08 00:45:55,812279,812199,812279,0.083,12.831,13252.42360633,9767.83546899,253949.68666762
"411",2017-11-08 00:45:56,812178,812178,812279,3.803,12.831,13269.37420731,9747.13546775,253944.96666762
"412",2017-11-08 00:45:57,812178,812204,812279,0.005,12.781,13269.96740853,9756.68546849,253948.13046762
"413",2017-11-08 00:45:58,811922,811922,812000,0.389,0.96729965,13288.92370818,9778.55276814,253948.73766797
"414",2017-11-08 00:45:59,812000,811986,812000,0.01,3.46729965,13296.64063556,9789.78906814,253950.23213934
"415",2017-11-08 00:46:00,812000,811986,812000,0.01,0.45079965,13275.79063409,9781.81626764,253950.23863934
"416",2017-11-08 00:46:01,812000,811986,812000,0.01,0.14079965,13291.13063506,9785.74466913,253946.23023098
"417",2017-11-08 00:46:02,812000,811986,812000,0.01,0.13079965,13296.47043506,9799.84085294,253939.21647189
"418",2017-11-08 00:46:04,812000,811917,812000,0.77300073,0.03079965,13293.2392358,9789.95585343,253942.72808929
"419",2017-11-08 00:46:05,812000,811917,812000,0.77300073,0.03079965,13303.20823653,9793.73985467,253941.34566761
"420",2017-11-08 00:46:06,812000,811921,811986,0.04,0.01,13295.17823604,9773.97985418,253940.17566761
"421",2017-11-08 00:46:07,812000,811921,812000,0.04,1.44079965,13295.69763604,9776.58515344,253939.77366823
"422",2017-11-08 00:46:08,811550,811550,811999,0.06220073,0.3,13285.7126358,9776.69705369,253941.41196823
"423",2017-11-08 00:46:10,811923,811923,812050,0.074,0.02,13284.7566358,9766.66065205,253948.57174363
"424",2017-11-08 00:46:11,811923,811921,811923,0.1,2,13290.64063605,9779.06065279,253946.98174315
"425",2017-11-08 00:46:12,811923,811921,811923,0.1,2,13294.8767358,9793.50005428,253945.24039315
"426",2017-11-08 00:46:13,811574,811575,811918,0.2306,0.6,13289.26523556,9773.53425304,253929.68039315
"427",2017-11-08 00:46:14,811574,811575,811918,7.2306,0.6,13293.91693585,9768.86035205,253928.48039315
"428",2017-11-08 00:46:15,811574,811667,811670,0.084,0.00180006,13288.61433707,9775.81605434,253927.19652315
"429",2017-11-08 00:46:16,811614,811614,811670,0.054,0.00180006,13286.36373707,9767.91625409,253930.80932315
"430",2017-11-08 00:46:17,812060,812050,812060,14.61249994,9.9,13305.98163774,9764.33295501,253935.29577321
"431",2017-11-08 00:46:18,812060,812050,812060,5.75049994,9.8,13300.13793774,9752.60295501,253943.59477321
"432",2017-11-08 00:46:19,811574,811574,812000,0.181202,3,13289.24453847,9753.89025371,253950.22307286
"433",2017-11-08 00:46:20,812390,811574,812390,0.181202,34.83321397,13279.26453749,9714.82225285,253980.22327308
"434",2017-11-08 00:46:21,811697,811697,811999,0.20000073,0.084,13281.52353798,9717.90625432,253879.95490213
"435",2017-11-08 00:46:22,811551,811697,812390,0.6,30.91721397,13280.28953798,9712.60625457,253882.00490213
"436",2017-11-08 00:46:23,811841,811552,811760,1.20000073,0.09,13270.3843356,9721.90325531,253890.96180205
"437",2017-11-08 00:46:24,811488,811488,811760,10.57620122,0.09,13287.45953523,9720.60556962,253891.826802
"438",2017-11-08 00:46:25,811489,811697,811760,0.4,0.07,13300.87253513,9709.49966593,253889.34510191
"439",2017-11-08 00:46:26,811489,811697,811760,0.4,0.07,13333.78253541,9746.22262355,253877.03415186
"440",2017-11-08 00:46:27,811697,811697,811755,2.58,0.005,13328.10953565,9744.4842228,253868.42535181
"441",2017-11-08 00:46:28,811754,811697,811754,2.58,5.65999951,13326.40033561,9745.25922158,253867.8156519
"442",2017-11-08 00:46:29,811754,811698,811753,0.17,1.2,13264.08463561,9738.87922085,253862.94339176
"443",2017-11-08 00:46:30,811492,811491,811492,0.29,0.7318,13261.12463561,9714.64282258,253893.13859176
"444",2017-11-08 00:46:31,811699,811699,812379,4.18400098,1.80000099,13242.85163659,9716.10922208,253893.6190225
"445",2017-11-08 00:46:32,811921,811700,811917,0.86,0.005,13236.98013683,9707.7296211,253885.64827082
"446",2017-11-08 00:46:33,811921,811701,811917,1.8,0.005,13096.26483683,9713.11442134,253884.42827082
"447",2017-11-08 00:46:34,811917,811701,811917,1.8,0.00350003,13093.560746,9721.21192375,253879.42977079
"448",2017-11-08 00:46:35,811888,811702,811917,0.32,2.00350003,13097.00367355,9739.65185243,253880.42827122
"449",2017-11-08 00:46:37,812248,811703,812000,7.34,0.1,13111.50674763,9731.33835263,253883.01907079
"450",2017-11-08 00:46:38,812000,811704,812000,0.6,1.09,13111.70974714,9732.9433509,253881.46856954
"451",2017-11-08 00:46:39,812000,811721,812000,0.002,1.09,13111.92724714,9739.44275263,253879.45550016
"452",2017-11-08 00:46:40,812000,811721,812000,0.002,1.09,13109.90874812,9734.83035434,253874.18681998
"453",2017-11-08 00:46:41,812000,811723,811999,0.36,0.5934,13122.38924885,9755.18075533,253871.22716902
"454",2017-11-08 00:46:42,812100,812100,812390,50,11.42851471,13163.94024861,9736.39375583,253902.81716902
"455",2017-11-08 00:46:43,812100,812101,812197,0.21791121,0.3114,13168.6952491,9746.20115534,253897.3041683
"456",2017-11-08 00:46:44,812500,812101,812500,1.88651121,8.12851471,13162.2753491,9731.64275533,253911.9251183
"457",2017-11-08 00:46:45,812500,812450,812500,2,8.12851471,13170.1122382,9729.86375434,253911.9251183
"458",2017-11-08 00:46:46,812586,812450,812585,2,0.6,13158.64623747,9694.37975459,253930.0420483
"459",2017-11-08 00:46:48,812713,812451,812500,1.50820044,0.6575,13161.70583747,9642.89888507,253969.97254859
"460",2017-11-08 00:46:49,812714,812451,812500,2.10820044,3,13170.5788382,9643.15187181,253973.56454786
"461",2017-11-08 00:46:50,812500,812452,812500,8.6412,2.28,13189.601838,9652.33187181,253974.81214786
"462",2017-11-08 00:46:51,813000,812500,812916,1.6758,5,13134.85643727,9646.13187206,253986.41214786
"463",2017-11-08 00:46:54,813449,812821,813449,0.02520056,2.24000149,13135.71483954,9624.69406609,254005.66519203
"464",2017-11-08 00:46:55,812850,812850,813448,4.9807,0.60000025,13131.54553874,9624.43806659,254008.71449203
"465",2017-11-08 00:46:56,813450,812852,813450,0.32,14.04272145,13135.53254045,9594.25566602,254035.54519386
"466",2017-11-08 00:46:59,813150,813151,813444,7,7,13154.1979391,9600.69106701,254051.24707138
"467",2017-11-08 00:47:00,813444,813151,813444,6,5.0425,13143.50843778,9596.23356726,254053.71317138
"468",2017-11-08 00:47:01,813151,813152,813400,1.1121,5,13144.40403695,9594.78633216,254059.52782325
"469",2017-11-08 00:47:02,813152,813152,813400,0.9621,5,13136.99653695,9627.89733141,254044.67675325
"470",2017-11-08 00:47:03,813160,813156,813400,0.005,5,13135.40703778,9633.91883215,254045.99945325
"471",2017-11-08 00:47:04,813152,813149,813152,0.475,7.72739917,13131.12663676,9642.69643132,254051.36967881
"472",2017-11-08 00:47:05,813150,813149,813150,0.37320014,14,13130.02483666,9660.19443157,254053.06147867
"473",2017-11-08 00:47:06,813149,813149,813150,0.27320014,14,13138.72483837,9662.73443231,254051.60147867
"474",2017-11-08 00:47:07,812853,812854,812900,0.2691,3.72479986,13120.35803848,9641.06923143,254115.15147956
"475",2017-11-08 00:47:08,812900,812856,812900,0.19600464,2.71979986,13113.62646145,9650.82414873,254116.50747854
"476",2017-11-08 00:47:09,813000,812901,813000,0.01,3.01979986,13109.21646047,9640.73611392,254126.75747854
"477",2017-11-08 00:47:10,813149,812901,812999,0.01,2.0117,13134.88476047,9631.94781194,254130.27947903
"478",2017-11-08 00:47:11,813149,812902,812998,7,1.4382,13192.7547612,9635.27431293,254120.17042952
"479",2017-11-08 00:47:12,813149,812902,812998,7,2.0382,13206.35476168,9638.23431318,254123.14512952
"480",2017-11-08 00:47:13,812903,812975,813000,0.01,0.1,13149.57076178,9636.13591244,254122.93435857
"481",2017-11-08 00:47:14,813148,812854,813148,4.1010061,1.5698,13154.70076227,9636.33591318,254123.24828857
"482",2017-11-08 00:47:15,813147,812969,813147,0.08,1.3497,13151.90975617,9646.91581293,254122.69328857
"483",2017-11-08 00:47:17,812902,813000,813147,3.99850043,4.2,13171.89155861,9656.50381491,254116.89645639
"484",2017-11-08 00:47:18,812902,813000,813147,3.99850043,4.2,13172.40965861,9655.14091491,254116.74645639
"485",2017-11-08 00:47:19,813000,813000,813146,3.79850043,1.9727,13156.58385778,9646.50164898,254116.80768544
"486",2017-11-08 00:47:20,813000,812860,813000,0.09,6.18849957,13152.6903558,9662.7425839,254119.62918587
"487",2017-11-08 00:47:21,812860,812853,812859,0.8591,0.41,13157.12235492,9667.05548415,254119.78427732
"488",2017-11-08 00:47:22,812859,812853,812859,0.8091,0.397,13160.42035736,9664.04908341,254119.52650637
"489",2017-11-08 00:47:23,812859,812853,812859,0.8091,0.397,13151.35075638,9664.64908341,254119.52650637
"490",2017-11-08 00:47:24,812877,812877,812905,4.581,0.01,13156.47375638,9644.73908267,254119.93550637
"491",2017-11-08 00:47:25,812877,812877,812905,3.7719,2.5,13152.36265492,9608.03908342,254180.74460637
"492",2017-11-08 00:47:27,813000,812878,813000,0.10039884,6.937,13153.18265375,9620.32601419,254189.21036742
"493",2017-11-08 00:47:28,813000,812877,812999,2.2719,1.0165,13152.98525491,9624.36151419,254189.21036742
"494",2017-11-08 00:47:29,813000,812878,813000,0.6,0.9535,13153.78525491,9609.51251345,254196.40929742
"495",2017-11-08 00:47:30,812877,812900,812913,0.002,0.01,13163.03755613,9601.4317132,254198.40824742
"496",2017-11-08 00:47:31,813000,813000,813388,0.994,1.2000005,13154.33155589,9596.37901295,254199.28688771
"497",2017-11-08 00:47:33,812985,812910,812985,3,7.2218,13181.98095663,9647.01511305,254203.52044826
"498",2017-11-08 00:47:35,812911,812911,812985,1.70990049,5.1991,13182.28685614,9655.45143453,254193.06179539
"499",2017-11-08 00:47:36,812911,812911,812985,1.70990049,5.1991,13191.11775663,9665.28143478,254192.98179539
"500",2017-11-08 00:47:37,812911,812973,812983,0.01,0.6,13222.75915541,9666.42833404,254193.30202539
"501",2017-11-08 00:47:38,812911,812911,812985,0.99,5.1991,13237.50865712,9621.65633404,254193.03202539
"502",2017-11-08 00:47:39,813858,813858,813998,4.4,0.6012212,13245.76435614,9574.46933404,254240.98332539
"503",2017-11-08 00:47:40,813858,813859,813998,0.81,0.6012212,13253.27145614,9603.1474333,254242.50881142
"504",2017-11-08 00:47:41,813998,813859,813998,0.02718,2.39000099,13248.47363663,9619.23621505,254244.36162036
"505",2017-11-08 00:47:42,814000,813859,814000,0.01418082,15.091,13244.21653598,9550.38931466,254259.67569854
"506",2017-11-08 00:47:43,813999,813858,813998,3.27448082,5.58581918,13213.66573594,9539.77273484,254262.89255055
"507",2017-11-08 00:47:44,813858,813858,813904,1.82058082,0.01,13180.51873654,9546.89291566,254262.59112226
"508",2017-11-08 00:47:45,813858,813858,813996,1.59368082,0.13,13173.71183581,9532.28591591,254258.18258122
"509",2017-11-08 00:47:46,813185,813185,813996,1.75018082,0.13,13182.62133581,9526.04791591,254260.72608122
"510",2017-11-08 00:47:48,813852,813650,813852,0.78282,8.424,13185.60415434,9476.10459324,254305.63239395
"511",2017-11-08 00:47:49,814900,813858,814031,1,1,13183.99319657,9451.4831828,254348.42239395
"512",2017-11-08 00:47:50,814485,814704,814734,2.43909428,4.80000099,13187.99456264,9453.28708677,254349.95439967
"513",2017-11-08 00:47:51,814704,814704,814734,1.27659354,6.41000149,13183.19579088,9465.47849303,254352.96043421
"514",2017-11-08 00:47:52,814899,814050,814899,4.80280095,2.79837685,13179.45763644,9465.23027609,254356.49220119
"515",2017-11-08 00:47:54,814050,814051,814648,7.20000097,3.019,13185.10369015,9485.13848039,254367.55032742
"516",2017-11-08 00:47:55,814051,814052,814648,0.6,2.619,13188.70639045,9487.5424804,254373.11693541
"517",2017-11-08 00:47:56,814051,814052,814490,1.7101,0.3,13182.50579069,9533.88247966,254377.49333541
"518",2017-11-08 00:47:57,814900,814053,814900,2.40000098,2.86950267,13174.68579143,9501.67040704,254420.04123541
"519",2017-11-08 00:47:58,814200,814252,814636,0.47,0.15,13178.03889045,9510.35190827,254421.75783541
"520",2017-11-08 00:47:59,814636,814252,814628,0.47,0.5,13189.07749069,9516.17850752,254410.07683541
"521",2017-11-08 00:48:00,814628,814333,814628,1,0.126,13178.47348971,9502.81550727,254411.57456438
"522",2017-11-08 00:48:01,814628,814201,814628,6.67000097,0.111,13168.34398981,9518.68050876,254414.00983541
"523",2017-11-08 00:48:02,814253,814253,814627,1.4254,0.13099902,13176.81426243,9515.81180704,254415.75646712
"524",2017-11-08 00:48:03,814253,814253,814636,5,0.589,13162.63686243,9516.60080409,254416.8121981
"525",2017-11-08 00:48:04,814628,814253,814628,1.98,3.2645,13176.78176295,9522.48130507,254422.6363281
"526",2017-11-08 00:48:05,814628,814254,814626,1.3596,0.589,13189.272961,9542.37030532,254429.2785281
"527",2017-11-08 00:48:06,814254,814254,814627,3.75610064,1.46099976,13219.58186164,9553.70890508,254430.25942819
"528",2017-11-08 00:48:07,814630,814254,814627,3.55610064,1.2446,13216.81206164,9551.92500582,254429.13655845
"529",2017-11-08 00:48:08,814255,814500,814627,0.7,0.7628,13216.20396149,9548.30520311,254429.38125845
"530",2017-11-08 00:48:09,814256,814500,814617,1.2,3,13213.374361,9552.20570337,254437.79625943
"531",2017-11-08 00:48:10,814590,814500,814590,0.92,1.09,13189.16276051,9546.76110263,254436.46926162
"532",2017-11-08 00:48:15,814304,814304,814450,0.20331168,0.02,13094.29128148,9573.65070118,254452.68754002
"533",2017-11-08 00:48:16,813631,813899,814500,7.60000073,8,13097.98833321,9586.6307007,254449.76634606
"534",2017-11-08 00:48:17,814001,814001,814485,0.52699151,0.20211605,13097.63216661,9585.59044077,254451.77875239
"535",2017-11-08 00:48:18,814001,814001,814485,0.30499243,0.20211605,13097.48016753,9580.73017683,254451.04764759
"536",2017-11-08 00:48:19,814001,814001,814485,0.09499243,0.10211605,13105.09084171,9589.43515707,254451.51084773
"537",2017-11-08 00:48:20,814000,814000,814218,4.28999243,0.01,13102.26060979,9620.19478738,254449.98081723
"538",2017-11-08 00:48:21,814002,813899,814000,6.91048976,0.4432,13109.41961076,9610.5110859,254452.52400524
"539",2017-11-08 00:48:22,813900,813900,814000,0.62,5.4432,13120.27761198,9613.64108689,254452.12400524
"540",2017-11-08 00:48:23,814000,813901,814000,7,5.3532,13116.8716115,9595.15008639,254452.39700524
"541",2017-11-08 00:48:24,813901,813901,813995,4,0.005,13113.60561052,9616.6229865,254454.99700549
"542",2017-11-08 00:48:25,813959,813959,813995,0.71,0.005,13102.80361077,9609.10128446,254438.56488626
"543",2017-11-08 00:48:26,813999,813960,813999,6.5,1.1585,13113.82880923,9608.54128446,254438.37013626
"544",2017-11-08 00:48:27,813960,813960,813999,6.48,1.7585,13111.12880923,9611.49128446,254433.51923488
"545",2017-11-08 00:48:30,813903,813903,813999,5.8322,0.64,13093.58180996,9623.15480347,254441.92123416
"546",2017-11-08 00:48:34,813994,813901,813994,1.26,0.00349993,13047.24240996,9622.70030489,254442.74911067
"547",2017-11-08 00:48:35,814000,813901,814000,1.24,2.93371993,13051.42241094,9619.52331103,254441.52304067
"548",2017-11-08 00:48:36,814252,814003,814252,3.56628007,0.26479944,13051.6286893,9618.06958521,254434.9767606
"549",2017-11-08 00:48:37,814252,814004,814252,7.6,0.21479944,13057.3736893,9629.17858545,254433.9430606
"550",2017-11-08 00:48:38,814252,814004,814252,7.6,0.21479944,13061.8756896,9627.43658594,254434.44028496
"551",2017-11-08 00:48:39,814252,814008,814252,0.005,0.16479944,13069.01538935,9628.71558594,254431.01478773
"552",2017-11-08 00:48:40,814005,814005,814103,0.205,0.01,13069.39938935,9633.8661865,254430.41478773
"553",2017-11-08 00:48:41,814230,814013,814230,1.61,0.08,13062.49459015,9659.22118724,254428.14377334
"554",2017-11-08 00:48:42,814230,814014,814230,7,0.02,13062.15758991,9658.46558579,254428.20377334
"555",2017-11-08 00:48:43,814230,814230,814430,0.08,0.1,13053.29458991,9663.71158579,254434.92671585
"556",2017-11-08 00:48:45,814222,814030,814222,0.002,0.1861,13046.94288991,9671.20648794,254403.03742366
"557",2017-11-08 00:48:46,814222,814030,814222,0.002,0.1861,13037.01088991,9667.52748794,254402.63742366
"558",2017-11-08 00:48:47,814222,814156,814222,0.5,0.1861,13097.72159235,9661.37548794,254402.23742366
"559",2017-11-08 00:48:51,814192,814176,814192,0.49,0.96,13096.57310983,9625.91228678,254404.77915454
"560",2017-11-08 00:48:52,814192,814176,814192,0.49,0.96,13120.14570874,9643.88508668,254404.77915454
"561",2017-11-08 00:48:53,814024,814186,814192,0.5,0.955,13119.02700949,9714.11058668,254406.21071086
"562",2017-11-08 00:48:54,814186,814186,814192,0.01,0.955,13096.18050851,9695.65638686,254407.08800839
"563",2017-11-08 00:48:55,814023,814023,814192,6.2172,0.945,13098.36470925,9739.97838626,254408.99500839
"564",2017-11-08 00:48:56,814000,814000,814192,6.852,0.82350043,13087.74530876,9788.78958719,254410.99950647
"565",2017-11-08 00:48:57,814192,814100,814192,1,0.80650043,13101.39360904,9829.9387857,254410.72450647
"566",2017-11-08 00:48:58,814050,814050,814191,23.5,1.5238,13094.37830879,9845.7164857,254410.01750647
"567",2017-11-08 00:49:01,814039,814039,814162,2.28,1,13099.21510928,9960.33858546,254435.08650947
"568",2017-11-08 00:49:02,812630,812630,814162,18.51770973,1,12979.21510928,9960.33858546,254555.08650947
"569",2017-11-08 00:49:03,813002,813002,814000,9.10000367,1,12974.59621388,10057.32474921,254562.45180947
"570",2017-11-08 00:49:04,814162,813671,814162,7,0.9,12974.79621045,10071.02074946,254565.50180947
"571",2017-11-08 00:49:05,813932,813671,813932,2.30142552,0.38479944,12948.01825088,10173.42455048,254549.41558451
"572",2017-11-08 00:49:06,813672,813672,813740,0.29,0.1,12921.90357702,10199.53634988,254532.45455382
"573",2017-11-08 00:49:07,813884,813641,813671,0.15483618,8,12933.62186381,10224.19934889,254526.12589529
"574",2017-11-08 00:49:09,813642,813641,813670,0.10483618,1.181,13034.50326252,10434.87784896,254524.5528737
"575",2017-11-08 00:49:10,813671,813641,813671,0.10483618,9.6448,13034.50326252,10432.84164896,254526.7391737
"576",2017-11-08 00:49:11,813642,813641,813642,0.08183618,5.09520076,13079.78921874,10464.71775051,254528.68829308
"577",2017-11-08 00:49:12,813342,813242,813342,0.1,3.90266382,13027.16837991,10551.84761433,254509.35062926
"578",2017-11-08 00:49:13,813342,813242,813342,0.1,2.5696383,13083.15407889,10511.76278788,254505.72265478
"579",2017-11-08 00:49:14,813242,813110,813242,0.1,0.96,13057.08657889,10455.03258911,254508.33075478
"580",2017-11-08 00:49:15,813242,813300,813337,9.65520056,0.005,12983.66557726,10457.61468911,254506.07129817
"581",2017-11-08 00:49:16,813656,813656,813670,2.6363612,0.4,12991.19893944,10483.48205003,254513.12693697
"582",2017-11-08 00:49:17,813656,813656,813670,1.5443612,0.4,13025.53194018,10485.90305003,254513.23593697
"583",2017-11-08 00:49:20,813242,813242,813522,0.22390056,7.6,12892.9875802,10487.85968883,254517.30004215
"584",2017-11-08 00:49:21,813242,813242,813522,1.8,8.5985,12866.48757922,10539.72498883,254531.50004215
"585",2017-11-08 00:49:22,813242,813242,813522,1.79,8.5985,12862.87857848,10540.32498858,254530.51004215
"586",2017-11-08 00:49:23,813522,813242,813522,0.0036,4.6,12850.04367976,10526.18748833,254535.17044215
"587",2017-11-08 00:49:24,812936,812936,813512,0.03210212,0.5,12860.1327801,10519.33428734,254538.15584181
"588",2017-11-08 00:49:25,812936,812936,813512,0.03210212,0.5,12863.12885792,10520.21428833,254536.80288735
"589",2017-11-08 00:49:26,813103,813103,813250,3.45,0.02,12854.62470745,10513.02617207,254547.65584181
"590",2017-11-08 00:49:27,812937,812937,813500,5.07,0.2,12868.68540794,10504.38928152,254571.91779181
"591",2017-11-08 00:49:28,812758,812758,812936,13.66009971,0.7,12862.11876589,10504.84527882,254584.24502181
"592",2017-11-08 00:49:29,813500,813222,813436,1.5,0.0486368,12862.04276613,10513.45471759,254585.85502181
"593",2017-11-08 00:49:30,812758,812758,813436,4.43409971,0.0486368,12856.87419027,10507.13311957,254594.93835992
"594",2017-11-08 00:49:31,812758,812760,813436,1.3201,0.0486368,12856.27726613,10505.64391769,254595.90395992
"595",2017-11-08 00:49:33,812762,812762,813221,1.2395,0.6,12846.54016741,10520.15223739,254598.89367366
"596",2017-11-08 00:49:36,812758,812800,813211,0.02,0.19,12846.79209008,10533.13173986,254603.02260366
"597",2017-11-08 00:49:37,812800,812758,812800,2.0720005,0.01,12847.96066692,10526.88083887,254598.2399036
"598",2017-11-08 00:49:38,812800,812758,812800,2.0720005,0.01,12854.29966814,10518.3152377,254598.2399036
"599",2017-11-08 00:49:39,812870,812861,812870,3.13,0.05,12865.33326765,10537.7502377,254602.0239036
"600",2017-11-08 00:49:42,812869,812861,812869,3.056,5.54460071,12862.5786916,10531.96543795,254601.34998275
