"","time","lst","best_bid","best_ask","best_bid_size","best_ask_size","total_bid_depth","total_ask_depth","volume"
"1",2017-11-08 00:49:44,812861,812861,812869,2.946,5.54310084,12869.12766833,10536.1179393,254592.74436753
"2",2017-11-08 00:49:45,813199,812862,813198,0.3,7,12864.41806667,10543.02834019,254597.06236753
"3",2017-11-08 00:49:46,813198,812863,813198,0.28,5.6,12866.99806667,10535.4474392,254599.06236753
"4",2017-11-08 00:49:47,812863,812631,813197,2,1.79000074,12864.67541141,10546.99653994,254602.97329765
"5",2017-11-08 00:49:48,812630,812872,813100,0.26,1,12859.71867019,10560.75034215,254604.56018225
"6",2017-11-08 00:49:52,812873,812873,813000,1.1278,20,12861.26797168,10590.40600066,254611.1480172
"7",2017-11-08 00:49:53,812999,812864,812999,0.28,5,12857.91217168,10585.55640066,254613.1980172
"8",2017-11-08 00:49:54,812999,812749,812999,0.16,5,12855.66527095,10563.85340091,254613.1930172
"9",2017-11-08 00:49:55,812500,812500,812999,1.39130973,4.943,12838.23547242,10562.85440165,254632.32041924
"10",2017-11-08 00:49:56,812500,812631,812850,0.707,0.3,12834.02147092,10556.06140137,254632.1104374
"11",2017-11-08 00:49:57,812500,812500,812999,0.31546994,4.943,12829.24105501,10541.82168243,254634.97520719
"12",2017-11-08 00:49:58,812437,812437,812780,6.53989916,0.1,12833.50286676,10517.01457946,254643.30080719
"13",2017-11-08 00:49:59,812781,812781,812850,11.962,0.01,12869.40043789,10510.58756395,254642.89520672
"14",2017-11-08 00:50:00,812856,812781,812856,11.942,9.20716084,12868.71113765,10553.9985684,254642.69204045
"15",2017-11-08 00:50:03,812782,812781,812840,1.1618,5,12858.12089249,10557.3362441,254637.37546095
"16",2017-11-08 00:50:04,812782,812781,812839,1.1618,7,12859.64146883,10562.35947888,254638.11116625
"17",2017-11-08 00:50:05,812650,812782,812811,0.36,0.016,12843.58533259,10567.84648037,254648.25666625
"18",2017-11-08 00:50:06,812811,812782,812811,0.36,0.01450033,12848.38533283,10568.7728807,254637.37694965
"19",2017-11-08 00:50:09,812651,812651,812730,1.1797,0.03371993,12849.87823283,10549.74767365,254629.29146324
"20",2017-11-08 00:50:10,812840,812650,812840,0.57007635,0.91213126,12838.35823234,10555.12067538,254635.00546324
"21",2017-11-08 00:50:11,812840,812650,812840,0.57007635,0.91213126,12849.35523259,10554.02067538,254633.00546324
"22",2017-11-08 00:50:12,812650,812651,812840,0.4891,0.80213126,12858.35233406,10552.10734011,254633.21441324
"23",2017-11-08 00:50:13,812999,812651,812999,0.4891,13.82786845,12858.95233381,10535.08734011,254650.21441324
"24",2017-11-08 00:50:14,812999,812999,813000,1.03033351,0.001,12867.01356732,10517.67346796,254662.18517973
"25",2017-11-08 00:50:15,812999,812651,812998,0.6,5.96966649,12859.50180967,10526.77113741,254663.16551324
"26",2017-11-08 00:50:18,813050,813001,813050,0.6,0.12,12867.14980748,10522.52487106,254676.73010973
"27",2017-11-08 00:50:19,813421,813005,813421,0.005,3.73052499,12861.61480724,10496.32486736,254681.73010973
"28",2017-11-08 00:50:20,812540,813050,813279,0.2,0.6,12861.15080772,10516.81486786,254689.39110998
"29",2017-11-08 00:50:23,812972,812800,812971,0.02,0.6,12848.82290821,10525.78914287,254694.0808451
"30",2017-11-08 00:50:26,812800,812801,812839,0.085,21.5,12862.44070894,10419.57904237,254692.4718951
"31",2017-11-08 00:50:27,812838,812701,812837,0.02,0.58,12824.32357988,10368.01714237,254694.5268951
"32",2017-11-08 00:50:28,812838,812701,812837,0.02,0.58,12834.52358013,10299.66454237,254694.4338251
"33",2017-11-08 00:50:29,812838,812701,812837,0.02,0.58,12881.24278086,10258.21754509,254691.4338251
"34",2017-11-08 00:50:30,812701,812702,812788,0.081,1,12934.5463799,10237.18864239,254690.43582508
"35",2017-11-08 00:50:31,812836,812700,812836,1.87320002,0.50149977,12943.30318007,10181.83264289,254707.85802508
"36",2017-11-08 00:50:34,812835,812818,812835,1,0.89962792,12922.01525019,9979.99187209,254760.46174776
"37",2017-11-08 00:50:35,813487,812818,813488,1,2.40000099,12931.56675412,9867.4189324,254761.57137568
"38",2017-11-08 00:50:36,813487,812818,813487,1,7.25,12951.60129592,9863.97703289,254762.43757632
"39",2017-11-08 00:50:37,812873,813200,813281,0.01820014,0.1,12901.40049704,9770.56563487,254762.61937618
"40",2017-11-08 00:50:38,813200,813200,813281,0.00720014,0.1,12893.38289875,9582.5148366,254762.33025576
"41",2017-11-08 00:50:40,813281,813281,813600,0.02,0.29982,12890.10325851,9454.7727543,254768.08415576
"42",2017-11-08 00:50:41,813281,813281,813600,0.02,0.29982,12890.10825851,9428.96275529,254768.15215576
"43",2017-11-08 00:50:42,813281,813281,813484,0.02,7,12885.18825875,9429.76275603,254767.53015576
"44",2017-11-08 00:50:43,813200,813114,813197,0.898,0.463,12926.56990815,9424.16045466,254767.9563059
"45",2017-11-08 00:50:44,813200,813286,813357,0.005,0.01,12915.52630914,9431.46325578,254769.24038947
"46",2017-11-08 00:50:45,813483,813286,813483,0.005,0.26,12914.23960848,9441.42975578,254769.38038947
"47",2017-11-08 00:50:46,813286,813286,813482,0.00320114,0.28,12915.75081068,9435.56895553,254767.25918833
"48",2017-11-08 00:50:47,813286,813286,813359,0.00170137,0.01,12912.11095859,9441.6547575,254753.40825624
"49",2017-11-08 00:50:48,813286,813117,813359,1.3545,0.01,12908.16725675,9441.48875553,254722.98785537
"50",2017-11-08 00:50:49,813118,813118,813359,1.82939998,0.01,12916.64215747,9458.52755554,254703.04085537
"51",2017-11-08 00:50:50,813118,813122,813359,0.005,0.01,12916.71175747,9457.29195529,254694.06763174
"52",2017-11-08 00:50:53,813118,813100,813215,0.02,0.01,12925.53805507,9451.05165605,254669.68945701
"53",2017-11-08 00:50:56,813033,813120,813200,0.12,3.511,12910.73985739,9450.30985383,254673.29024427
"54",2017-11-08 00:50:57,813200,813000,813200,31.14554891,0.82209427,12912.69485811,9439.96074717,254686.892
"55",2017-11-08 00:50:58,813000,813000,813597,26.70354963,6.2032951,12898.05285835,9422.16074816,254711.87109928
"56",2017-11-08 00:50:59,813090,813090,813118,8.44,3,12905.42285884,9435.97889707,254719.46717987
"57",2017-11-08 00:51:02,813000,813000,813200,18.24084961,0.00479954,12908.71982106,9436.72340226,254746.14008158
"58",2017-11-08 00:51:03,813000,813036,813200,0.8068,0.00479954,12909.62361916,9447.219903,254746.15380387
"59",2017-11-08 00:51:04,813000,813001,813090,7,0.02,12891.6236193,9458.17665559,254756.24008158
"60",2017-11-08 00:51:07,813000,813000,813354,6.19564963,7,12903.79522029,9478.42805653,254762.49076233
"61",2017-11-08 00:51:08,813000,813000,813353,6.19564963,0.38,12904.37522053,9472.80805603,254762.49076233
"62",2017-11-08 00:51:09,813000,813000,813001,3.69564963,0.1,12907.99055927,9475.28805677,254764.97703994
"63",2017-11-08 00:51:10,812900,812900,813000,0.3,0.43435037,12903.6149089,9466.23955531,254768.45128957
"64",2017-11-08 00:51:11,812700,812700,813000,1.42,0.43435037,12903.29491013,9466.27095457,254769.30398731
"65",2017-11-08 00:51:12,812703,812703,813000,6.9,0.43435037,12901.14251343,9466.09900719,254762.37111745
"66",2017-11-08 00:51:13,812901,812901,812999,6.98,0.6,12909.22251343,9468.49400719,254762.39111745
"67",2017-11-08 00:51:14,813351,813000,813351,0.2403,1.20475037,12910.78281416,9461.09400669,254764.37941745
"68",2017-11-08 00:51:15,813023,813355,813444,1.6349,0.16045037,12912.31841318,9446.13555679,254766.49060102
"69",2017-11-08 00:51:16,813355,813356,813444,0.6,0.16045037,12908.65941245,9445.98370348,254767.49060102
"70",2017-11-08 00:51:17,813444,813356,813444,0.8,5.037e-05,12894.28651269,9441.64330299,254768.05100102
"71",2017-11-08 00:51:18,813444,813356,813600,0.3,0.29982,12902.36951269,9454.16225721,254768.71035102
"72",2017-11-08 00:51:23,813670,813559,813599,0.5,7,12943.80036118,9478.85125547,254771.12328102
"73",2017-11-08 00:51:24,813670,813559,813599,0.5,7,12947.54236089,9505.77525622,254766.31428078
"74",2017-11-08 00:51:25,813559,813559,813599,0.491,7,12939.77466089,9516.64485721,254763.90973059
"75",2017-11-08 00:51:26,813599,813564,813599,0.005,5,12946.09566236,9512.63285721,254765.90973059
"76",2017-11-08 00:51:30,813571,813571,813899,0.00350043,0.05634817,12920.67696743,9502.73805647,254773.42302856
"77",2017-11-08 00:51:31,813560,813560,813898,0.71870049,7,12919.55866651,9506.57305647,254773.4267785
"78",2017-11-08 00:51:32,813898,813852,813898,0.446,6.9,12919.37306651,9483.91305449,254772.8102085
"79",2017-11-08 00:51:33,813900,813852,813900,0.446,2.05634817,12920.4210647,9477.1760577,254775.4108085
"80",2017-11-08 00:51:34,813852,813852,813900,0.106,2.03634817,12912.91021343,9477.45605647,254775.01698647
"81",2017-11-08 00:51:35,814000,813857,814000,0.005,3.14634817,12911.57721441,9469.20285697,254783.42798647
"82",2017-11-08 00:51:36,813989,813857,813988,0.005,0.26,12915.94456575,9473.16975721,254787.61728947
"83",2017-11-08 00:51:39,813988,813801,813988,7,0.50000148,12924.42011727,9468.33490611,254788.97269067
"84",2017-11-08 00:51:40,814037,813801,814037,7,1.90943359,12916.95611727,9464.98828931,254793.30960747
"85",2017-11-08 00:51:41,814036,814036,814037,0.63,1.90943359,12925.22411727,9465.98828931,254800.57960747
"86",2017-11-08 00:51:42,814037,813860,814037,0.05,1.10955596,12925.99411653,9455.58841094,254802.06860747
"87",2017-11-08 00:51:44,814239,814015,814238,0.03,0.67,12942.87431571,9466.74250705,254807.80890747
"88",2017-11-08 00:51:45,814239,814015,814238,0.03,0.67,12934.3476994,9476.34250706,254807.80890747
"89",2017-11-08 00:51:48,814016,814017,814228,0.9581,1.2,12943.72869904,9666.63840706,254805.14333726
"90",2017-11-08 00:51:49,814016,814017,814228,1.2481,1.2,12912.41869855,9694.55160878,254799.13333726
"91",2017-11-08 00:51:50,814700,814015,814700,0.25,0.73230125,12900.79669757,9707.60500878,254829.20133828
"92",2017-11-08 00:51:51,814227,813990,814227,0.01,1.58190025,12911.98760975,9765.77291027,254830.63743828
"93",2017-11-08 00:51:52,814629,814398,814629,2.59999901,3.82000124,12924.08360876,9945.76961027,254836.30063927
"94",2017-11-08 00:51:53,814398,814529,814627,0.002,0.26,12931.18490958,9978.20711027,254837.47051845
"95",2017-11-08 00:51:54,814398,814398,814565,0.02999761,0.77282,12935.04080883,10051.92663027,254839.15728082
"96",2017-11-08 00:51:55,814565,814134,814565,7,0.00282,12924.63950883,10105.55673002,254840.92628082
"97",2017-11-08 00:51:56,814134,814134,814564,5.99520036,0.34,12936.33470943,10209.48241151,254840.9910785
"98",2017-11-08 00:51:57,814134,814134,814626,5.99320068,0.7253,12929.4407088,10407.30901052,254843.29407818
"99",2017-11-08 00:51:58,814134,814136,814406,0.59870049,0.5,12930.31880929,10477.21601151,254843.04307818
"100",2017-11-08 00:51:59,814406,814137,814406,7,0.1,12921.88360812,10536.42321151,254842.72757733
"101",2017-11-08 00:52:00,814406,814138,814406,0.32,0.1,12913.0923091,10534.02321126,254838.95575533
"102",2017-11-08 00:52:01,814138,814137,814406,7.59870049,0.1,12900.65230862,10534.27321126,254838.31775509
"103",2017-11-08 00:52:02,814138,814138,814406,0.38,0.1,12913.21090935,10535.20321126,254837.09463509
"104",2017-11-08 00:52:03,814700,814139,814779,7,0.128,12913.22880657,10536.02241026,254839.30473634
"105",2017-11-08 00:52:04,814139,814139,814562,6.99820104,0.28,12911.95570712,10531.6070125,254857.02443405
"106",2017-11-08 00:52:05,814139,814140,814856,1.8952,0.38,12915.81610674,10531.7070125,254856.97983405
"107",2017-11-08 00:52:08,814141,814222,814561,5,0.00849866,12888.29040981,10560.93841,254856.33256405
"108",2017-11-08 00:52:09,814141,814223,814561,0.59150134,0.57849866,12879.72291031,10561.58841,254846.33256405
"109",2017-11-08 00:52:10,814223,814223,814561,0.5867017,0.75,12876.11671067,10554.8599106,254846.33736369
"110",2017-11-08 00:52:11,814223,814223,814560,0.5837017,0.00849866,12858.47070969,10554.70540852,254845.53531369
"111",2017-11-08 00:52:12,815072,815000,815072,6.33412063,7.19400198,12882.03563106,10481.13452945,254916.79789306
"112",2017-11-08 00:52:13,815111,815041,815111,0.004,9.89400198,12873.82774779,10451.44132945,254925.34789306
"113",2017-11-08 00:52:14,815400,815000,815400,5.55812013,1.15,12872.54804608,10433.11062673,254940.25682356
"114",2017-11-08 00:52:15,815641,815000,815641,5.45170413,6.9408,12871.07800195,10428.11062673,254940.36323956
"115",2017-11-08 00:52:16,814929,814562,814929,0.00127187,1.18794624,12862.15729684,10417.29857297,254964.11859332
"116",2017-11-08 00:52:17,815490,815490,815640,0.17425412,1.311,12871.12514461,10449.84962747,254969.17917538
"117",2017-11-08 00:52:18,815888,815001,815887,0.107,2.40000148,12868.17368938,10439.41117691,254995.52964241
"118",2017-11-08 00:52:19,814601,815001,815320,0.6,0.04,12869.12058938,10418.59307691,255007.55646933
"119",2017-11-08 00:52:20,815973,815500,815973,0.3,0.18,12873.6253884,10412.62307789,255013.48143652
"120",2017-11-08 00:52:21,815111,815111,815886,0.26,7,12882.12268862,10414.47377814,255022.73143652
"121",2017-11-08 00:52:22,815886,815400,815886,5,2.27,12881.16268838,10421.74378234,255029.50343652
"122",2017-11-08 00:52:23,815886,815400,815886,2.97,1.57636712,12874.47277685,10432.15499699,255032.2660194
"123",2017-11-08 00:52:24,816450,816300,816450,9.86,4.03067624,12897.62047704,10402.19599551,255064.85801948
"124",2017-11-08 00:52:25,815800,815400,815800,2.91799992,4.96,12891.09707704,10409.93329601,255078.63909948
"125",2017-11-08 00:52:26,815800,815401,815800,0.28929866,2.95137289,12895.84877474,10439.12366809,255080.56632659
"126",2017-11-08 00:52:27,816450,815500,815840,0.3,0.04,12896.90534673,10397.23897665,255093.76527683
"127",2017-11-08 00:52:28,815400,815400,816100,2.69529858,7.73770134,12892.85634502,10439.77379763,255099.39527683
"128",2017-11-08 00:52:29,816100,815500,815600,3,0.04,12902.39984624,10467.86396203,255099.23391268
"129",2017-11-08 00:52:32,815800,815800,816199,3.96,1.06276683,12894.95034595,10519.02786509,255114.49671415
"130",2017-11-08 00:52:33,816060,815800,815850,3.88,0.04,12901.082749,10545.48616694,255114.64564415
"131",2017-11-08 00:52:34,816180,815800,816180,3.08,0.225,12899.9234468,10552.22196375,255107.08564512
"132",2017-11-08 00:52:35,815801,815801,816059,1.1066,2.2133,12900.73764546,10532.85569618,255109.73564512
"133",2017-11-08 00:52:36,815800,815645,815800,6.6,8.2834,12910.87494765,10525.59019569,255111.79219512
"134",2017-11-08 00:52:37,815645,815646,815800,0.643,7.70129598,12915.40594756,10512.12929412,255114.39899914
"135",2017-11-08 00:52:38,815800,815646,815777,0.643,0.7,12911.62154829,10505.89209546,255111.93799914
"136",2017-11-08 00:52:39,815645,815645,815777,3.575,0.7,12872.18524793,10513.2813962,255112.30531258
"137",2017-11-08 00:52:42,815646,815646,815700,1.01310053,2.4,12861.94754969,10510.68169228,255121.3037756
"138",2017-11-08 00:52:43,815646,815666,815700,2,2.4,12862.93444916,10505.68169228,255121.3037756
"139",2017-11-08 00:52:44,815645,815645,815700,3.7,2.4,12884.53444818,10492.39919157,255127.23867552
"140",2017-11-08 00:52:45,815400,815400,815699,0.76,0.6,12865.0331768,10514.49819225,255136.72072456
"141",2017-11-08 00:52:46,815650,815573,815650,0.496,0.013,12858.12637655,10530.24597299,255136.84049756
"142",2017-11-08 00:52:49,814222,814222,815650,3.70153415,1.5,12822.09503265,10558.8122872,255170.11096852
"143",2017-11-08 00:52:50,815650,814222,815650,3.70153415,0.5,12812.49503192,10558.3122872,255171.11096852
"144",2017-11-08 00:52:51,815300,815300,815650,0.61782,0.5,12806.95047711,10567.92845631,255185.73235037
"145",2017-11-08 00:52:52,815646,815646,815649,6.98,1.5707,12882.26818581,10573.87877337,255186.49979785
"146",2017-11-08 00:52:53,815649,815300,815574,0.53501994,10,12896.09742584,10591.75167862,255193.54585501
"147",2017-11-08 00:52:54,815401,815401,815574,0.04734817,10,12891.11431265,10583.04032849,255193.55485501
"148",2017-11-08 00:52:58,815000,815000,815564,62.66128181,3.80200008,12877.07638117,10240.63878505,255191.05913501
"149",2017-11-08 00:53:00,815403,815403,815471,6.78719895,0.99,12884.26521163,10257.49308705,255202.48681395
"150",2017-11-08 00:53:01,815403,815403,815471,6.18219895,0.99,12883.66021163,10249.98418705,255201.7945153
"151",2017-11-08 00:53:02,815471,815403,815470,6.18219895,1.43,12854.31981163,10248.33723473,255199.2941153
"152",2017-11-08 00:53:03,815403,815403,815470,1.11219895,0.47,12866.02781177,10204.23123352,255200.6041153
"153",2017-11-08 00:53:04,815403,815404,815469,0.5873,0.6,12862.63801177,10190.56823377,255200.4041153
"154",2017-11-08 00:53:05,815000,815000,815469,46.85348076,0.2,12855.42271177,10185.21095352,255220.8041153
"155",2017-11-08 00:53:06,815000,815001,815400,10,1.90346585,12869.31721153,10199.97672084,255225.6041153
"156",2017-11-08 00:53:07,815000,815002,815399,0.4,2.1594,12888.16941153,10207.86691837,255237.6260448
"157",2017-11-08 00:53:08,815000,815000,815399,31.02098076,1.9774,12952.47991153,10181.39591837,255245.2050448
"158",2017-11-08 00:53:09,815000,815001,815398,1.0299,0.182,12931.66209129,10134.04615203,255275.93126504
"159",2017-11-08 00:53:10,814950,814800,814950,0.03,9.87426738,12892.5760315,10118.22791825,255291.23899766
"160",2017-11-08 00:53:11,814316,814101,814316,2.40000073,1.97,12881.41072906,10098.76724296,255293.89184766
"161",2017-11-08 00:53:12,814315,814101,814315,3.12314732,0.718,12888.88597565,10088.14742052,255296.67042158
"162",2017-11-08 00:53:15,814503,814503,815000,4.84990098,0.029,12845.42124161,10054.03287248,255285.34299797
"163",2017-11-08 00:53:16,814503,814503,815000,2.43490098,0.029,12842.55718531,10049.43427076,255268.68350757
"164",2017-11-08 00:53:19,814696,814696,814989,1.89,0.3,12853.76218531,10049.49397275,255246.59328627
"165",2017-11-08 00:53:22,814833,814701,814833,1.3361,0.199,12870.93823626,10044.86047248,255248.90278627
"166",2017-11-08 00:53:23,814833,814833,814900,0.801,0.2,12881.43423699,10051.85947322,255249.17778627
"167",2017-11-08 00:53:24,815353,814833,814920,1.001,0.152,12886.90513748,10054.51047396,255257.50605177
"168",2017-11-08 00:53:25,815471,814918,815471,0.436,1.12061884,12881.05111481,10017.12447322,255262.046296
"169",2017-11-08 00:53:26,814807,814920,815045,1.7,0.005,12857.59161433,10018.21884941,255264.84442055
"170",2017-11-08 00:53:27,814700,815000,815045,8,0.005,12864.52365827,10020.31654745,255265.73657101
"171",2017-11-08 00:53:28,815000,815000,815045,1.99800042,0.005,12856.10982473,10010.49654671,255269.76889079
"172",2017-11-08 00:53:29,815500,815000,815469,1.85800042,0.18,12855.98498103,10018.58954819,255268.94289079
"173",2017-11-08 00:53:30,815352,815000,815022,1.85800042,0.2,12858.05078201,10028.21894809,255264.64374033
"174",2017-11-08 00:53:31,815001,815001,815022,2.705,0.19,12879.58922589,10032.45894685,255264.83475672
"175",2017-11-08 00:53:32,815001,815001,815022,2.705,0.19,12878.16572516,10035.81454784,255266.82175819
"176",2017-11-08 00:53:33,815350,815300,815350,0.19211164,0.71601291,12873.71838658,9992.59396371,255327.00615645
"177",2017-11-08 00:53:34,815050,815051,815470,0.02,0.9,12859.54103445,9986.93754839,255326.79605686
"178",2017-11-08 00:53:35,815351,815351,815470,0.34880015,0.79,12871.86493669,10003.17154913,255327.41603717
"179",2017-11-08 00:53:36,815772,815223,815772,0.26,1.6230201,12871.69713654,10009.98356824,255328.77978732
"180",2017-11-08 00:53:37,815771,815600,815771,0.02,1.0708,12877.07623678,10018.74275185,255319.58335686
"181",2017-11-08 00:53:38,815771,815600,816199,0.02,10.28890371,12877.63663678,9992.84865185,255319.22135686
"182",2017-11-08 00:53:39,815471,815310,815510,0.5,0.5,12868.11533636,9989.74665185,255310.82235686
"183",2017-11-08 00:53:40,815471,815472,815509,0.711,0.047,12870.70423636,9980.81965012,255300.21235686
"184",2017-11-08 00:53:41,815472,815500,815505,5,0.005,12875.47200424,9976.48065037,255299.67625623
"185",2017-11-08 00:53:42,816050,815640,816050,0.8,0.402,12878.05300423,9966.92865012,255291.92705511
"186",2017-11-08 00:53:44,816200,816049,816200,0.85,1.14530563,12878.19253313,9958.38104295,255283.06344111
"187",2017-11-08 00:53:45,816195,816049,816195,0.05,1.18,12889.37733362,9969.14104369,255285.05856111
"188",2017-11-08 00:53:46,816299,815641,816299,1.24,2.07530662,12870.55533411,9947.91104295,255288.90408164
"189",2017-11-08 00:53:47,816299,815888,816299,1.5,2.00530662,12877.0905655,9948.9410432,255288.57408164
"190",2017-11-08 00:53:48,816050,816050,816097,1.0776,0.01,12890.1561655,9953.68855658,255288.85994111
"191",2017-11-08 00:53:49,816299,815889,816299,1.1276,0.72782,12869.0723435,9949.72355658,255288.22494111
"192",2017-11-08 00:53:50,816051,816051,816299,0.2,2.61664,12877.81334374,9947.52355633,255293.60494111
"193",2017-11-08 00:53:51,816400,816055,816400,0.005,3.60914074,12871.89834448,9954.77695707,255297.88244037
"194",2017-11-08 00:53:52,816856,816242,816856,0.03,7.50114074,12881.01964399,9961.17695707,255320.7070409
"195",2017-11-08 00:53:53,816856,816671,816856,0.004,4.79114074,12882.99006834,9960.46695732,255321.81906098
"196",2017-11-08 00:53:54,816869,816644,816869,0.03,2.12254022,12891.40326925,9952.19835851,255339.53306098
"197",2017-11-08 00:53:55,816694,816694,816699,0.02419994,7,12892.729069,9959.97281829,255337.50781104
"198",2017-11-08 00:53:56,816800,816400,816800,0.02,3.80298006,12899.14396979,9961.51879958,255346.11121032
"199",2017-11-08 00:53:57,816799,816674,816799,0.5,3.212,12897.33196867,9993.32700056,255354.44951032
"200",2017-11-08 00:53:58,817000,816805,816874,0.61501994,0.5,12897.1475829,9977.28521903,255369.5494939
"201",2017-11-08 00:53:59,816960,816805,816960,0.60181994,0.39,12897.3110829,9960.86556079,255375.5118939
"202",2017-11-08 00:54:00,816806,816674,816959,0.47181994,7,12900.88968315,9965.7286603,255383.7448939
"203",2017-11-08 00:54:01,816888,816810,816888,0.005,9.19842362,12906.08668266,9972.49398441,255384.61735028
"204",2017-11-08 00:54:03,816399,816500,816887,6,6.5089,12945.5876829,9997.35098441,255401.83456349
"205",2017-11-08 00:54:04,816500,816500,816887,5.995,6.8989,12938.7826829,9997.70788441,255401.73956349
"206",2017-11-08 00:54:05,816801,816500,816810,1.995,0.50199928,12926.38968162,10025.83988369,255407.81228918
"207",2017-11-08 00:54:06,816800,816505,816809,0.005,0.139,12913.56778113,10022.51838369,255398.89818918
"208",2017-11-08 00:54:07,815701,815701,816801,2.81671386,1.7,12886.84778137,10024.21838639,255432.79778918
"209",2017-11-08 00:54:08,816800,816300,816800,1,14.3,12893.32778235,10059.51494918,255434.50918918
"210",2017-11-08 00:54:09,816450,816450,816799,0.76282,2.59,12877.27586249,10053.47494894,255432.78741918
"211",2017-11-08 00:54:10,816450,816450,816751,0.20282,0.45,12875.79586225,10034.38494698,255431.94586918
"212",2017-11-08 00:54:11,816289,816289,816450,4.17982,0.999,12879.89586372,10044.48594551,255433.90989918
"213",2017-11-08 00:54:12,816289,816301,816450,0.7479,20.939,12895.56576477,10074.5239465,255434.05989918
"214",2017-11-08 00:54:13,816450,816289,816449,3.64772,7,12885.51776574,10072.0059465,255430.55989918
"215",2017-11-08 00:54:14,816289,816289,816449,0.02182,7.59,12891.39186648,10076.9039438,255433.71372918
"216",2017-11-08 00:54:15,816448,816003,816448,3.90182,0.823,12886.87186624,10090.9359438,255432.90272989
"217",2017-11-08 00:54:21,815983,815993,815997,3.89,5.679,12844.47722915,10069.38284809,255445.3198256
"218",2017-11-08 00:54:23,816003,816058,816279,0.30719975,0.6,12763.21263539,10147.35404599,255457.34890564
"219",2017-11-08 00:54:24,816003,816058,816279,0.30719975,0.6,12782.81263588,10147.35404599,255457.20530564
"220",2017-11-08 00:54:28,815718,815718,815991,0.04,3.60000173,12666.68398877,10081.42435196,255479.25882255
"221",2017-11-08 00:54:29,815510,815200,815509,0.12,0.6,12616.99398755,10106.64275205,255480.03452172
"222",2017-11-08 00:54:30,816277,815200,815991,1.44,0.7375,12594.3887878,10094.78971267,255484.91352172
"223",2017-11-08 00:54:31,816200,815380,816200,0.01,0.5425,12579.77160512,10050.52981267,255485.77557508
"224",2017-11-08 00:54:32,816200,815380,815510,0.01,5,12601.11690463,10050.59161267,255486.29378508
"225",2017-11-08 00:54:33,815454,815380,815454,0.01,0.093,12605.26370463,10079.02631195,255485.95148541
"226",2017-11-08 00:54:34,815454,815381,815454,7,0.083,12549.59570536,10064.34831195,255483.66148541
"227",2017-11-08 00:54:35,815510,815382,815509,0.12,0.6,12592.25350634,10038.20348833,255484.87458541
"228",2017-11-08 00:54:36,815509,815402,815509,0.3,0.585,12622.21020592,10131.46958859,255484.89351541
"229",2017-11-08 00:54:37,815402,815402,815509,0.25,0.31218,12619.7182064,10100.35677007,255485.81633541
"230",2017-11-08 00:54:38,815509,815509,815510,8,1.49247928,12608.85000641,10159.87947179,255494.45648541
"231",2017-11-08 00:54:39,815508,815400,815509,2.1,7,12594.25750592,10182.58927253,255502.67628841
"232",2017-11-08 00:54:40,815400,815401,815509,0.6,7.8267,12594.05220616,10193.79497424,255504.67628841
"233",2017-11-08 00:54:41,815400,815380,815381,0.01,6.5412,12583.74720592,10185.59117424,255506.02628841
"234",2017-11-08 00:54:42,815211,815211,815380,1.11,7,12629.77902592,10147.14081021,255506.81728841
"235",2017-11-08 00:54:43,815211,815211,815380,1.11,7,12640.76112584,10144.0761107,255506.81728841
"236",2017-11-08 00:54:47,815120,815120,815200,7.00282127,0.768,12624.42094913,10165.77451085,255492.94716841
"237",2017-11-08 00:54:48,814769,814769,815000,3.927,9.23435873,12567.95530688,10183.50036983,255536.51280968
"238",2017-11-08 00:54:49,815000,814700,814999,4.78321756,0.6,12547.61410664,10219.76376687,255542.20750968
"239",2017-11-08 00:54:50,814503,814503,815000,0.03801927,8.64435873,12540.59800762,10216.1828659,255556.48090992
"240",2017-11-08 00:54:51,815000,814589,814999,0.562,0.6,12543.2940086,10215.3008681,255571.74111816
"241",2017-11-08 00:54:52,814998,814590,814998,1.2,0.228,12536.3183086,10215.0248681,255569.56440744
"242",2017-11-08 00:54:53,814552,814590,814998,0.6,0.1646,12539.9579081,10215.0250681,255571.49260744
"243",2017-11-08 00:54:54,814567,814818,814994,0.01,1,12535.92690731,10218.03026623,255575.84113244
"244",2017-11-08 00:54:55,814997,814818,814997,0.01,4.6018,12525.37260858,10220.5724685,255576.54113244
"245",2017-11-08 00:54:56,814501,814552,814997,0.60000098,4.60000124,12532.34233225,10230.46016057,255588.0734862
"246",2017-11-08 00:54:59,814847,814703,814847,0.635,0.1882,12515.6452315,10216.60999017,255603.9879862
"247",2017-11-08 00:55:04,814450,813967,813999,0.01,0.2,12493.42628379,10227.53115118,255649.39170475
"248",2017-11-08 00:55:05,814450,813967,813999,0.01,0.2,12491.62628355,10223.33014989,255649.68250475
"249",2017-11-08 00:55:06,814817,814000,814500,4.82,0.00698771,12512.49688331,10219.2871376,255655.29450679
"250",2017-11-08 00:55:07,814449,814000,814449,4.1,3.7,12542.43328258,10223.50413909,255663.41650778
"251",2017-11-08 00:55:09,814100,814101,814447,7.578,0.1368,12566.48678307,10231.3527384,255660.92055653
"252",2017-11-08 00:55:12,814774,814448,814774,0.4,0.0342,12572.45668307,10236.6339384,255665.25693569
"253",2017-11-08 00:55:13,814448,814448,814483,1.084,0.01,12571.92538331,10229.6609386,255665.46593569
"254",2017-11-08 00:55:14,814448,814216,814448,0.501,1.29872775,12579.73838429,10240.01766738,255668.97290893
"255",2017-11-08 00:55:15,814216,814449,814483,1.9657,0.007,12592.82438453,10240.74473988,255667.23978362
"256",2017-11-08 00:55:16,814246,814246,814771,0.18,2.40000074,12590.02268502,10242.11973963,255671.61548362
"257",2017-11-08 00:55:17,814770,814483,814770,0.496,2.67800124,12584.64438429,10244.53194037,255670.45948362
"258",2017-11-08 00:55:18,814770,814483,814769,0.496,1.017,12563.64458429,10237.64473963,255670.85948362
"259",2017-11-08 00:55:19,814187,814187,814769,3.0639,1.61700074,12555.01858429,10232.86673987,255674.74648362
"260",2017-11-08 00:55:22,814288,814288,814399,0.677,2.27800124,12531.92340955,10262.62032114,255675.33176163
"261",2017-11-08 00:55:23,814288,814020,814399,2,2.27800124,12531.24640955,10261.42162015,255676.16876163
"262",2017-11-08 00:55:25,814288,814318,814398,0.09151179,1.0926,12545.12983581,10261.99421816,255674.64642742
"263",2017-11-08 00:55:28,814650,814318,814649,6.9085,2.27620238,12567.74644697,10249.77852952,255669.42201375
"264",2017-11-08 00:55:29,814318,814550,814649,0.002,2.27620238,12572.58794721,10249.47852952,255670.39351375
"265",2017-11-08 00:55:30,814318,814550,814649,0.002,2.76190238,12573.80053314,10265.26623224,255659.47051375
"266",2017-11-08 00:55:31,814650,814650,814651,1.9256,0.971,12585.56666182,10261.53432986,255662.7167147
"267",2017-11-08 00:55:32,814319,814319,814651,0.8968,0.971,12541.66566084,10261.53432986,255663.5837147
"268",2017-11-08 00:55:33,814328,814328,814649,9.28,0.1,12566.82374672,10255.81002834,255671.3167147
"269",2017-11-08 00:55:34,814769,814329,814769,0.6,0.2307,12557.8133259,10257.66102844,255671.7376447
"270",2017-11-08 00:55:35,814500,814333,814500,0.01381338,7.64,12583.45613928,10260.8920281,255673.10044565
"271",2017-11-08 00:55:36,814338,814338,814500,0.99,5.57238848,12598.90303928,10226.59291658,255674.56905717
"272",2017-11-08 00:55:37,814334,814339,814500,0.7,3.47238848,12613.91903952,10227.05991658,255679.26905742
"273",2017-11-08 00:55:39,814998,814771,814997,14.2,6.13300124,12636.52004002,10235.54485415,255667.34882691
"274",2017-11-08 00:55:40,814997,814771,814997,14.2,4.13300124,12636.52004002,10233.02585415,255669.34882691
"275",2017-11-08 00:55:41,815000,814772,814997,0.8,1.20000197,12633.75003831,10201.65185568,255670.92441689
"276",2017-11-08 00:55:46,815508,815145,815508,0.154,1.5026,12619.48891793,10194.8567361,255660.18359577
"277",2017-11-08 00:55:48,815400,815000,815384,7.2926,0.475,12647.59038911,10189.95607768,255663.19204256
"278",2017-11-08 00:55:49,815384,815000,815384,7.2926,0.465,12712.81201779,10199.86457891,255661.8395416
"279",2017-11-08 00:55:50,815145,815001,815145,0.53,0.134,12727.83201877,10209.42858039,255641.4850416
"280",2017-11-08 00:55:53,814445,814486,814999,1.4949,1.135,12845.45320698,10262.52984746,255622.86878403
"281",2017-11-08 00:55:54,814445,814486,814999,1.4949,1.735,12846.43520698,10263.12984746,255627.23293803
"282",2017-11-08 00:55:55,814999,814501,814970,1.4949,2,12841.02780848,10262.98985212,255628.92786403
"283",2017-11-08 00:55:56,814999,814502,814745,2.40000024,0.002,12839.16130921,10239.895845,255624.4080825
"284",2017-11-08 00:55:59,814970,814504,814970,1.7474,1.4085,12828.05630897,10247.56174944,255612.65298326
"285",2017-11-08 00:56:00,814970,814504,814969,1.7474,0.3562,12823.68810848,10246.48294944,255613.54298326
"286",2017-11-08 00:56:01,814505,814505,814969,4.8,0.6612,12825.41438029,10236.3889488,255605.14205326
"287",2017-11-08 00:56:02,814505,814506,814967,0.065,1.2,12832.38308127,10261.1389461,255598.45445061
"288",2017-11-08 00:56:03,814505,814506,814966,1.8737,0.26,12832.80108029,10263.40495033,255594.19514506
"289",2017-11-08 00:56:04,814966,814509,814968,1.20000024,0.1262,12833.22008053,10261.30995033,255579.46581392
"290",2017-11-08 00:56:05,814966,814744,814966,2,0.6262,12831.61940945,10260.80995205,255568.37581392
"291",2017-11-08 00:56:08,814530,814530,814965,4.8837,0.55,12834.54718708,10269.00915279,255570.75608422
"292",2017-11-08 00:56:09,814530,814531,814816,7,0.016,12844.22718732,10254.41515303,255572.26608522
"293",2017-11-08 00:56:10,814531,814531,814816,6.98,0.016,12843.88848781,10270.10864887,255571.77010891
"294",2017-11-08 00:56:11,814531,814532,814816,0.05,0.016,12842.40218781,10272.46865084,255573.82010891
"295",2017-11-08 00:56:12,814532,814532,814811,0.07149987,0.005,12832.39668817,10265.06744763,255583.32010891
"296",2017-11-08 00:56:13,814531,814531,814811,2,0.005,12818.89668768,10264.58454838,255580.60010891
"297",2017-11-08 00:56:14,814532,814536,814811,0.01190129,0.005,12829.29748342,10263.15954883,255577.18143891
"298",2017-11-08 00:56:15,814400,814532,814816,3.00000122,0.016,12826.32871422,10268.63354883,255580.03038891
"299",2017-11-08 00:56:16,814400,814533,814811,0.3123,0.005,12813.22630612,10234.33654661,255560.95889074
"300",2017-11-08 00:56:17,814400,814536,814811,0.01190129,0.005,12809.05820521,10238.58754661,255549.56709002
"301",2017-11-08 00:56:18,814816,814800,814816,0.02,0.501,12803.19395635,10246.28004759,255551.01909002
"302",2017-11-08 00:56:19,814800,814533,814816,2.451903,0.501,12812.78795684,10255.82404745,255551.61614199
"303",2017-11-08 00:56:20,814800,814534,814815,0.3,1.14,12812.97595684,10276.5105472,255534.41591705
"304",2017-11-08 00:56:21,814800,814700,814814,0.002,0.23,12810.42605507,10287.2295472,255530.30191705
"305",2017-11-08 00:56:22,814533,814531,814800,0.01190139,0.995,12808.24338228,10284.79154622,255530.87431705
"306",2017-11-08 00:56:23,814810,814782,814809,0.01,0.26,12808.17928367,10300.02954524,255534.81231683
"307",2017-11-08 00:56:24,814334,814650,814782,0.08,0.01,12809.7957058,10288.52384425,255535.68775922
"308",2017-11-08 00:56:26,814816,814848,814850,0.12400245,0.02,12802.63550923,10280.14584578,255531.61475775
"309",2017-11-08 00:56:28,814401,814401,814849,2.39200073,7,12811.13437883,10268.52724751,255534.7451602
"310",2017-11-08 00:56:29,814334,814702,814791,0.6,0.452,12807.6683781,10257.53044677,255540.81006093
"311",2017-11-08 00:56:30,814791,814702,814791,0.6,0.44870097,12797.77417639,10252.19974674,255540.17920235
"312",2017-11-08 00:56:31,814791,814402,814790,0.26,7,12796.32417639,10250.02714674,255528.85818052
"313",2017-11-08 00:56:32,814771,814403,815250,0.5553,0.02,12799.74947639,10234.99904577,255548.8200815
"314",2017-11-08 00:56:33,814791,814404,814791,1.269,0.05,12806.03317663,10235.70554503,255547.8910127
"315",2017-11-08 00:56:34,814791,814405,814800,1.48,0.8,12805.69417639,10250.95554602,255546.4410127
"316",2017-11-08 00:56:35,814791,814791,814800,0.05,0.8,12825.02717688,10245.62554602,255533.3910207
"317",2017-11-08 00:56:36,815000,815230,815295,13.94,0.7637,12847.84017761,10244.43274577,255539.68070773
"318",2017-11-08 00:56:37,815299,815230,815299,9.67999828,0.73370099,12836.46637564,10245.5627475,255551.05722242
"319",2017-11-08 00:56:38,814405,814533,815000,0.8,24.32640172,12821.50578724,10273.48914948,255568.4969207
"320",2017-11-08 00:56:42,814536,814536,814845,6.95,0.573,12833.25661219,10278.39002731,255541.1084507
"321",2017-11-08 00:56:43,814536,814534,814845,0.3102,0.573,12835.43661268,10256.05862559,255541.1084507
"322",2017-11-08 00:56:46,815250,815250,815299,8.83189903,2.11430025,12805.42639022,10232.47059521,255547.29420167
"323",2017-11-08 00:56:47,815256,815256,815299,0.147,1.20000025,12815.88338948,10232.35669521,255551.08720333
"324",2017-11-08 00:56:48,815300,815250,815300,3.56889829,1.39201906,12820.00688885,10235.9890962,255552.72620333
"325",2017-11-08 00:56:49,815478,815460,815478,0.573,1.44836778,12813.7122864,10218.14204158,255569.1678358
"326",2017-11-08 00:56:50,815478,815251,815478,0.6,1.26468778,12812.36946351,10218.85836232,255573.27578953
"327",2017-11-08 00:56:51,815478,815255,815478,0.005,0.023,12810.37968811,10218.81667479,255572.27478953
"328",2017-11-08 00:56:52,816000,815600,816000,0.02,19.72400075,12811.51968835,10216.82967493,255574.08053953
"329",2017-11-08 00:56:53,815674,815600,815674,0.02,9.996,12811.52628811,10246.22567666,255579.58454052
"330",2017-11-08 00:56:54,815674,815658,815674,0.05,7.896,12807.9106886,10244.32567666,255581.42184052
"331",2017-11-08 00:56:55,815674,815658,815674,0.05,6.826,12841.01206699,10243.64677866,255582.53184052
"332",2017-11-08 00:56:56,815600,815280,815400,1.3856,1.93,12833.05173292,10240.22467914,255581.17084052
"333",2017-11-08 00:56:57,815674,815281,815674,0.6,5.6347,12813.65173292,10214.59337668,255571.02114052
"334",2017-11-08 00:56:58,815672,815281,815672,0.6,0.5624,12808.18362009,10225.35578134,255564.93007052
"335",2017-11-08 00:56:59,815600,815281,815600,0.79,9.7,12815.30241113,10228.9569779,255562.01007052
"336",2017-11-08 00:57:00,815600,815281,815600,0.79,7.7474,12820.11741211,10211.2922779,255559.14007052
"337",2017-11-08 00:57:01,815600,815282,815600,0.6,5.4874,12823.41681162,10209.03227864,255558.96841077
"338",2017-11-08 00:57:02,815600,815282,815600,0.2843,1.8874,12827.18811309,10215.51157766,255564.27902052
"339",2017-11-08 00:57:03,815500,815279,815500,0.5,6.59,12809.01991114,10223.56967955,255587.87802052
"340",2017-11-08 00:57:04,815279,815279,815500,0.4,6.59,12822.61991188,10236.26967955,255578.95802052
"341",2017-11-08 00:57:05,815151,815153,815499,0.9567,6.45920099,12840.6710351,10252.56558202,255580.05802052
"342",2017-11-08 00:57:06,815499,815150,815481,0.2,0.152,12840.26113442,10277.1216803,255577.95695052
"343",2017-11-08 00:57:07,815499,815289,815481,0.5,0.152,12840.76613442,10271.63837832,255576.81149052
"344",2017-11-08 00:57:08,814950,815032,815480,7.20000073,6.01330099,12839.96313368,10276.15167809,255579.34449052
"345",2017-11-08 00:57:09,814853,814951,815284,0.7229,6.305,12820.38603246,10282.90857809,255582.00349052
"346",2017-11-08 00:57:10,815279,815152,815279,1.20000073,0.81999902,12827.30003392,10273.56437538,255584.2034915
"347",2017-11-08 00:57:11,815279,815152,815279,1.20000073,0.01999902,12826.80003392,10273.48077612,255579.6424415
"348",2017-11-08 00:57:12,815152,815000,815200,0.1,1.99,12826.48203319,10280.87157663,255576.65244223
"349",2017-11-08 00:57:13,815282,815000,815284,0.1,5.8,12827.38203319,10276.62237538,255583.46644272
"350",2017-11-08 00:57:14,814854,814854,815277,7.95712096,0.6,12822.88015342,10245.92897489,255593.66644321
"351",2017-11-08 00:57:15,815000,815000,815199,0.05,0.17919977,12831.27672271,10262.86147687,255586.92994321
"352",2017-11-08 00:57:16,815200,814914,815200,1.3799,3.13119879,12824.30182124,10268.99317466,255587.22887419
"353",2017-11-08 00:57:17,814914,814915,815199,0.17919977,1.6109,12822.95945491,10270.43387536,255587.84877419
"354",2017-11-08 00:57:18,814914,814915,815199,0.55919977,1.6109,12828.57945638,10269.83487462,255584.31772419
"355",2017-11-08 00:57:19,814900,814900,815200,0.35919977,3.13119879,12794.48947881,10269.95192073,255585.63872419
"356",2017-11-08 00:57:20,815198,814914,815198,0.6,1.23170023,12796.07627904,10292.82062146,255585.79992483
"357",2017-11-08 00:57:21,814601,814601,815197,0.14466634,1.0109,12794.37627904,10287.44361973,255571.38440115
"358",2017-11-08 00:57:22,814602,814602,815194,0.06,0.005,12786.57427904,10307.55082075,255570.73840115
"359",2017-11-08 00:57:23,815000,814906,815000,12.55,1.0243,12805.87647947,10316.87622288,255558.83173115
"360",2017-11-08 00:57:24,815209,814923,815199,0.01,1.06080023,12819.27048041,10293.60392456,255561.23173068
"361",2017-11-08 00:57:25,814923,814906,814915,12.55,0.99,12804.06547943,10293.69462457,255557.2177314
"362",2017-11-08 00:57:26,815208,814907,815208,0.1,1.1317,12809.08887943,10279.69982434,255559.62773214
"363",2017-11-08 00:57:27,815000,815001,815190,0.3733,0.005,12806.63527943,10265.70682434,255558.64193214
"364",2017-11-08 00:57:28,815000,815001,815189,0.3733,0.99,12816.71518041,10267.31492532,255551.45193072
"365",2017-11-08 00:57:29,815000,815000,815190,5.9733,0.005,12820.72775998,10252.78472482,255552.45088072
"366",2017-11-08 00:57:30,815000,815002,815190,1.4001,0.005,12823.21975973,10262.94622453,255552.46288072
"367",2017-11-08 00:57:31,815000,815003,815199,0.6,0.99,12814.63375827,10260.18142379,255551.85701138
"368",2017-11-08 00:57:32,815000,815003,815200,1.4001,0.8,12819.31175973,10255.38122354,255551.35701138
"369",2017-11-08 00:57:33,815000,815004,815200,1.2,0.8,12811.9287589,10259.24572432,255551.14463538
"370",2017-11-08 00:57:34,815000,815005,815129,0.3,0.05,12809.38253108,10255.19572445,255550.4446349
"371",2017-11-08 00:57:35,815200,815011,815200,1,0.55,12821.13237243,10252.60572395,255550.7446349
"372",2017-11-08 00:57:36,815200,815012,815200,0.28,0.25,12806.69179203,10243.91532321,255550.57956535
"373",2017-11-08 00:57:37,815000,814908,815000,0.087,10.77033871,12818.24213343,10256.91466192,255554.30637688
"374",2017-11-08 00:57:38,815000,814906,815000,12.237,8.75813871,12816.6991322,10254.80986118,255555.91857688
"375",2017-11-08 00:57:39,815000,814906,815000,12.237,7.75813871,12807.2619858,10254.99626118,255557.32337688
"376",2017-11-08 00:57:40,815000,814906,814999,12.237,0.6,12804.6683858,10259.84266168,255556.37230688
"377",2017-11-08 00:57:41,814906,814906,814999,11.5996,0.6,12799.44433049,10270.4246639,255554.00970688
"378",2017-11-08 00:57:42,814906,814954,814994,0.01188539,0.005,12804.53621662,10271.4726639,255553.84117688
"379",2017-11-08 00:57:43,815399,815197,815399,0.00199958,0.89413871,12808.84821644,10255.99266389,255542.84117688
"380",2017-11-08 00:57:44,815197,815000,815197,0.6,0.15690042,12810.77467266,10224.79556357,255536.84317646
"381",2017-11-08 00:57:45,815197,815000,815250,1.6042,0.7,12812.47041784,10217.74806191,255536.09917646
"382",2017-11-08 00:57:46,815250,815001,815197,0.6,1,12801.47341735,10225.39016395,255524.74601698
"383",2017-11-08 00:57:47,815250,814999,815196,0.1102,0.79,12815.66741735,10225.26966395,255522.84777861
"384",2017-11-08 00:57:48,815399,815002,815399,0.5017,0.19413871,12815.82561611,10221.23436198,255525.64777861
"385",2017-11-08 00:57:49,815399,815003,815399,1.1802,0.69413871,12818.03411611,10232.4543642,255525.68177861
"386",2017-11-08 00:57:50,815399,815003,815399,1.1802,1.53413871,12813.56900166,10230.89436395,255524.81677646
"387",2017-11-08 00:57:51,814908,814907,815400,7.2,4.69413871,12823.24557331,10228.05436395,255526.33475646
"388",2017-11-08 00:57:52,814908,815006,815400,0.485,4.69413871,12820.08291702,10224.05436395,255526.4754572
"389",2017-11-08 00:57:53,814908,815012,815399,0.41900098,0.3,12811.47891824,10203.81696321,255526.4754572
"390",2017-11-08 00:57:54,815400,815013,815400,7.6,1.38313871,12812.15790239,10209.20596247,255526.5664572
"391",2017-11-08 00:57:57,815400,815100,815400,2,0.12703871,12807.83990239,10203.56086332,255527.77742696
"392",2017-11-08 00:57:58,815400,815250,815384,0.00149897,1.6,12820.12741599,10205.64326307,255528.75640696
"393",2017-11-08 00:57:59,815400,815250,815384,0.00149897,1.6,12817.98680112,10208.87326282,255528.75640696
"394",2017-11-08 00:58:00,815384,815250,815394,0.00149897,0.5,12829.39580185,10209.27326282,255530.35640696
"395",2017-11-08 00:58:01,815384,815260,815302,2,0.01,12824.75880185,10209.28326282,255530.34640696
"396",2017-11-08 00:58:02,815261,815261,815302,6.99,0.01,12822.23980112,10209.28326282,255530.00350696
"397",2017-11-08 00:58:03,815261,815261,815302,6.99,0.01,12795.16981746,10197.18036133,255528.96940696
"398",2017-11-08 00:58:04,815394,815394,815400,1.49,0.11703871,12798.45385959,10207.43606095,255529.49940696
"399",2017-11-08 00:58:05,815400,815395,815400,7,0.08703871,12801.334411,10212.45286245,255529.52940696
"400",2017-11-08 00:58:06,815452,815480,815489,0.46196129,1,12796.48135546,10212.46582448,255521.79744567
"401",2017-11-08 00:58:07,815489,815395,815489,6.7,0.4935,12819.31341042,10216.92932448,255521.30082567
"402",2017-11-08 00:58:08,815990,815900,815989,0.004,0.60000197,12827.54657786,10210.05932521,255525.73712567
"403",2017-11-08 00:58:09,815490,815490,815900,0.25998415,0.77882,12825.0422781,10192.85614571,255545.55112567
"404",2017-11-08 00:58:10,815919,816116,816199,0.40900098,4.80000099,12825.75257884,10167.4561467,255580.90680076
"405",2017-11-08 00:58:11,816198,815511,816115,0.44950023,0.03,12827.35119449,10169.73230733,255583.81280249
"406",2017-11-08 00:58:12,815511,815511,816115,0.27950023,0.03,12827.34921034,10175.42031003,255574.96741732
"407",2017-11-08 00:58:13,816197,815501,816197,0.25998415,1.6945,12827.28129425,10181.89481175,255577.26571732
"408",2017-11-08 00:58:14,815946,815674,815946,2,0.03199902,12832.82611335,10191.95350843,255577.0019183
"409",2017-11-08 00:58:15,815675,815694,815698,0.16,0.01,12837.7324436,10196.87790745,255560.91186738
"410",2017-11-08 00:58:16,816195,815946,816195,0.451,1.4529,12838.8966436,10199.31080843,255566.59626726
"411",2017-11-08 00:58:17,816272,815675,816194,0.26898507,0.25201493,12838.6686436,10190.93834169,255569.46905513
"412",2017-11-08 00:58:18,816530,816362,816530,0.03,2.61201518,12833.29216085,10187.90834194,255573.88242357
"413",2017-11-08 00:58:19,816418,816392,816418,0.02,0.08,12855.21416085,10192.81644253,255573.42242357
"414",2017-11-08 00:58:22,816396,816198,816396,7,0.035,12856.04573037,10231.05115722,255564.55080357
"415",2017-11-08 00:58:23,816500,816418,816500,0.015,5.9,12852.56273065,10237.92815722,255563.98580357
"416",2017-11-08 00:58:29,816499,816288,816352,1,0.04,12866.60843298,10226.29684464,255549.2803524
"417",2017-11-08 00:58:30,816288,816288,816500,0.49,4.84470088,12865.51843298,10223.95284366,255546.90518464
"418",2017-11-08 00:58:31,816500,816400,816499,0.002,0.15,12868.31893344,10221.21937213,255548.86798418
"419",2017-11-08 00:58:32,816200,816201,816500,0.60000049,2.62670088,12863.23373347,10206.05837262,255547.45798418
"420",2017-11-08 00:58:35,816400,816400,816489,1.46,1.8767,12848.99673182,10220.15576714,255553.61451418
"421",2017-11-08 00:58:36,816400,816400,816489,1.42,1.8767,12842.95773234,10220.15576714,255553.65451418
"422",2017-11-08 00:58:37,816204,816204,816352,0.587,0.08,12835.85873234,10221.53576738,255554.62451418
"423",2017-11-08 00:58:38,816002,816205,816352,7.3435,0.08,12820.55523162,10223.41926591,255558.13356418
"424",2017-11-08 00:58:39,816205,816205,816352,5.94350049,0.06,12803.8116326,10220.40036719,255549.65206418
"425",2017-11-08 00:58:40,816489,816003,816311,0.2,0.16,12798.11213211,10229.03516793,255554.36369123
"426",2017-11-08 00:58:41,816489,816201,816311,0.6,0.16,12803.43063211,10229.19236767,255551.86369123
"427",2017-11-08 00:58:42,815901,816214,816311,0.01,0.16,12798.40863211,10228.17306767,255554.92369123
"428",2017-11-08 00:58:43,815901,815901,816204,2.56350268,2,12796.37863382,10227.10406595,255561.74269123
"429",2017-11-08 00:58:47,815931,815600,815901,0.41520293,9,12784.11910074,10256.89434597,255577.62104149
"430",2017-11-08 00:58:48,815601,815601,815901,4.5,8.98,12795.11910196,10257.30454941,255580.07104149
"431",2017-11-08 00:58:49,815901,815614,815901,6.00000122,8.93,12782.14662544,10253.37013356,255584.21220689
"432",2017-11-08 00:58:50,815614,815776,815900,0.01,1.8778,12786.41152471,10253.19826398,255583.26870627
"433",2017-11-08 00:58:51,815601,815601,816090,0.6350858,0.138,12802.55071026,10236.99898479,255589.95952145
"434",2017-11-08 00:58:52,816489,815615,816489,0.31,0.82158095,12815.03614432,10232.18711574,255607.40951931
"435",2017-11-08 00:58:53,815938,815615,815900,0.30820054,0.073,12815.87482695,10231.84924759,255605.30839881
"436",2017-11-08 00:58:54,815938,815615,815899,0.30820054,0.073,12827.39372695,10231.40953843,255603.65542036
"437",2017-11-08 00:58:55,816300,816209,816300,0.017,3.08487449,12817.34772622,10215.1564993,255611.47962036
"438",2017-11-08 00:58:56,816209,815616,816088,1.0189,0.183,12825.28552617,10215.91249783,255591.82476812
"439",2017-11-08 00:58:57,816209,815915,816088,0.023,0.183,12830.57142617,10232.8714998,255589.77876812
"440",2017-11-08 00:58:58,816299,815915,816299,0.023,0.9751,12808.07142521,10229.81549882,255589.67443994
"441",2017-11-08 00:58:59,815915,816000,816299,6,0.9751,12826.0797509,10226.81549858,255589.68631523
"442",2017-11-08 00:59:00,815915,816001,816299,0.667,0.9751,12840.61115212,10227.08309858,255589.33631523
"443",2017-11-08 00:59:01,816000,815915,816000,0.01112471,6.313,12822.25415139,10232.44099858,255601.97391523
"444",2017-11-08 00:59:02,816000,815915,816000,0.01112471,2.7878,12730.46548545,10229.07569735,255602.09731637
"445",2017-11-08 00:59:03,816000,815915,815999,0.01112471,0.6,12575.34425212,10231.28069809,255601.54731637
"446",2017-11-08 00:59:04,816000,815915,816000,0.01112471,2.3878,12570.92495114,10236.84019834,255596.15502995
"447",2017-11-08 00:59:05,815903,815903,816000,0.80925062,2.3878,12557.99007632,10222.02119784,255596.11690404
"448",2017-11-08 00:59:06,816000,815916,816000,7,2.38060105,12563.63327608,10221.10899987,255595.85970299
"449",2017-11-08 00:59:07,816000,815862,816000,0.05,2.38060105,12556.7418257,10221.78899987,255595.45970299
"450",2017-11-08 00:59:08,815801,815917,816000,0.1372,2.38060105,12551.8468257,10216.33899986,255593.58692498
"451",2017-11-08 00:59:09,815801,815800,816000,0.5,2.38060105,12559.70962619,10229.83900134,255590.17672609
"452",2017-11-08 00:59:10,815803,815803,816000,0.0672,2.36160105,12567.51682643,10229.83187548,255587.83572609
"453",2017-11-08 00:59:11,815803,815801,815999,0.6,1.8509,12554.75312546,10254.48377622,255584.88295287
"454",2017-11-08 00:59:12,815800,815782,815800,0.01,0.89799992,12548.21155855,10245.2517754,255585.80287984
"455",2017-11-08 00:59:13,815782,815703,815752,0.002,2.99,12558.57505952,10248.83107491,255585.76287984
"456",2017-11-08 00:59:14,815752,815703,815751,0.002,0.6,12562.25805976,10250.02107442,255562.69087984
"457",2017-11-08 00:59:15,815616,815616,815617,0.18,4.29958095,12562.23605976,10254.95465537,255562.99421796
"458",2017-11-08 00:59:16,815617,815616,815617,0.14,4.28958095,12566.59606001,10253.71545537,255554.19683522
"459",2017-11-08 00:59:17,815616,815615,815616,0.2,0.48,12556.95305952,10252.61105512,255554.97613617
"460",2017-11-08 00:59:18,815610,815601,815610,10,2,12554.78722619,10250.70905406,255555.34401617
"461",2017-11-08 00:59:19,815500,815501,815609,0.60000049,0.48,12541.58722864,10256.47092984,255576.44401617
"462",2017-11-08 00:59:20,815500,815521,815577,2,5,12534.98242864,10262.35593008,255582.59101617
"463",2017-11-08 00:59:21,815577,815500,815521,6.82772938,1.5869,12541.27142815,10260.30423246,255583.16051381
"464",2017-11-08 00:59:22,815520,815500,815520,3.72772938,6.33800196,12535.47142938,10270.56833442,255586.57251185
"465",2017-11-08 00:59:23,815520,815500,815520,2.14082938,4.81800196,12534.11552938,10271.44833615,255589.70511185
"466",2017-11-08 00:59:24,815500,815500,815519,1.44082938,0.48,12536.89552938,10294.21433615,255590.42406385
"467",2017-11-08 00:59:25,815300,815301,815518,1.20000098,6.55181543,12524.44594819,10275.97814796,255595.6086448
"468",2017-11-08 00:59:26,815150,815150,815516,0.03703726,0.005,12525.02327182,10281.8738898,255599.61044386
"469",2017-11-08 00:59:29,814535,814535,814978,11.54,5,12472.84327352,10310.88544636,255670.8343328
"470",2017-11-08 00:59:30,814535,814535,814978,3.84000024,3.2313,12465.15327376,10302.74784858,255683.3030328
"471",2017-11-08 00:59:31,814978,814536,814977,0.64,0.48,12478.31763358,10296.25834752,255684.47743287
"472",2017-11-08 00:59:32,814520,814536,814977,0.8779,9.1604,12470.88953358,10316.60394505,255689.30166954
"473",2017-11-08 00:59:33,814977,814550,814947,1,0.169,12479.67953602,10322.06695403,255682.10166954
"474",2017-11-08 00:59:34,814520,814520,814947,11.57470122,0.149,12476.88333578,10265.09735287,255687.60896954
"475",2017-11-08 00:59:35,814520,814520,814947,5.72790122,0.149,12459.36353504,10268.20035416,255689.2698684
"476",2017-11-08 00:59:36,814520,814520,814800,4.82790122,5,12457.6035348,10255.96485423,255675.19096726
"477",2017-11-08 00:59:37,814520,814520,814799,1.83790122,7,12463.7721348,10258.9734562,255678.21706726
"478",2017-11-08 00:59:38,814400,814333,814400,1.52442467,5.98,12466.12323358,10270.82622907,255682.61389848
"479",2017-11-08 00:59:39,814333,814333,814399,1.39342467,0.21856667,12471.39623358,10256.63546126,255686.31774322
"480",2017-11-08 00:59:40,814398,814333,814398,1.28342467,6.997,12476.08623431,10268.78246225,255686.43060129
"481",2017-11-08 00:59:41,814333,814333,814398,0.59232467,6.997,12475.39513431,10266.99336126,255680.29890291
"482",2017-11-08 00:59:42,814297,814297,814333,0.03432467,0.3455,12466.62813431,10258.44449212,255671.24285291
"483",2017-11-08 00:59:43,814397,814220,814397,3.99112467,0.32406667,12462.81013431,10264.61305954,255673.87035314
"484",2017-11-08 00:59:44,814659,814583,814659,3.46383455,0.237,12454.57396886,10249.75027514,255694.90951859
"485",2017-11-08 00:59:45,813760,813760,814396,32.10200008,7,12434.13030897,10254.43587547,255707.47041749
"486",2017-11-08 00:59:46,814223,813760,814208,29.10200008,0.09,12432.06330922,10239.43735309,255706.70236741
"487",2017-11-08 00:59:47,814208,814103,814208,0.01,0.066,12430.55330848,10234.0394535,255707.97329743
"488",2017-11-08 00:59:51,813800,813801,814117,0.23,8.6933,12439.44930766,10251.08607176,255671.67555368
"489",2017-11-08 00:59:52,814117,813802,814117,0.9066,7.6933,12457.72590888,10246.48107152,255672.67555368
"490",2017-11-08 00:59:53,813802,813803,814113,1.08,0.005,12458.74590937,10254.53707363,255672.97555368
"491",2017-11-08 00:59:58,814109,814109,814111,0.98,0.005,12492.91290791,10223.87737202,255674.85163797
"492",2017-11-08 00:59:59,814208,814109,814208,0.98,0.075,12503.96670579,10226.05677571,255674.86163797
"493",2017-11-08 01:00:00,813911,814110,814208,1.0096,0.06950073,12504.98591708,10235.46557817,255673.67353724
"494",2017-11-08 01:00:01,813911,814183,814208,0.01,0.06950073,12513.53591708,10235.44727817,255673.17353724
"495",2017-11-08 01:00:02,814111,814111,814446,6.95,0.9611,12512.4701183,10233.34837817,255667.87169103
"496",2017-11-08 01:00:03,814203,814208,814446,0.0645,0.9391,12506.21272349,10235.12637891,255668.00950785
"497",2017-11-08 01:00:04,814208,814398,814450,0.00719915,1.82950172,12507.88722264,10232.88727891,255667.25435418
"498",2017-11-08 01:00:05,814446,814113,814446,0.6,0.1,12498.97685606,10233.18727891,255665.25775333
"499",2017-11-08 01:00:06,814500,814113,814500,1.6918,0.43950172,12498.9990572,10226.08728063,255667.55775333
"500",2017-11-08 01:00:07,814400,814400,814446,5.99,0.02,12503.60385867,10227.85458088,255656.42155445
"501",2017-11-08 01:00:08,814798,814401,814798,0.139,1.90260369,12520.51802512,10202.65228088,255658.20462072
"502",2017-11-08 01:00:09,814798,814619,814798,0.44,0.14990344,12638.16575867,10201.75198063,255636.4977552
"503",2017-11-08 01:00:10,814796,814619,814796,0.44,0.5800005,12680.89285842,10166.35928063,255630.5127552
"504",2017-11-08 01:00:11,814798,814798,814799,0.80625746,3,12661.03591564,10165.41037699,255628.06265914
"505",2017-11-08 01:00:12,814610,814610,814798,0.07759812,0.19656254,12721.28252299,10168.55494013,255629.2079166
"506",2017-11-08 01:00:13,815500,814619,815500,5,0.28562394,12700.85352299,10144.26300079,255633.1998552
"507",2017-11-08 01:00:14,814619,814619,814799,0.5972,1.796,12693.15302438,10150.89900178,255637.1828052
"508",2017-11-08 01:00:15,814960,814960,815499,0.078,1.5248,12780.5434587,10122.08360263,255642.53721867
"509",2017-11-08 01:00:19,815068,815068,815498,0.577,2.40000221,12788.28695906,10159.94387856,255637.40518826
"510",2017-11-08 01:00:20,815000,815000,815498,5.77599901,2.40000221,12784.60895734,10159.94387856,255638.60518925
"511",2017-11-08 01:00:21,815507,815069,815507,0.72,4.36000345,12784.08895807,10161.6038798,255643.12218975
"512",2017-11-08 01:00:22,815468,815071,815468,0.72,0.999,12775.91395733,10168.41787783,255650.27418975
"513",2017-11-08 01:00:23,815468,815415,815467,0.03,0.6,12767.3685563,10166.10427759,255650.40418975
"514",2017-11-08 01:00:24,815384,815311,815384,7,0.32282,12773.05823933,10172.44069638,255650.29418975
"515",2017-11-08 01:00:25,815467,815311,815467,4.1676414,1.76000295,12769.16804743,10169.91787908,255652.89454835
"516",2017-11-08 01:00:29,815675,815502,815999,0.6,14.80820321,12775.39424114,10182.05887923,255649.68702835
"517",2017-11-08 01:00:32,815900,815505,815507,0.44,20,12756.35654221,10218.3980575,255632.18646644
"518",2017-11-08 01:00:33,815507,815505,815507,0.44,19.995,12741.14654221,10221.3540575,255632.09146644
"519",2017-11-08 01:00:34,815467,815467,815507,0.16,19.995,12738.32424263,10222.04685613,255632.79146644
"520",2017-11-08 01:00:35,815507,815467,815507,0.16,17.315,12738.37179469,10212.34385897,255631.41118143
"521",2017-11-08 01:00:36,815507,815456,815506,0.01188789,0.3,12739.04187667,10233.6132575,255637.44818143
"522",2017-11-08 01:00:37,815507,815456,815507,0.01188789,12.955,12738.97877569,10245.00125921,255632.86132718
"523",2017-11-08 01:00:38,815313,815313,815506,0.50008789,7,12743.47667569,10242.76525971,255632.65207718
"524",2017-11-08 01:00:39,815313,815461,815505,0.005,0.22,12735.26848707,10237.00965872,255632.63407718
"525",2017-11-08 01:00:40,815313,815461,815505,0.005,0.31991211,12764.58048707,10225.84457182,255632.6310778
"526",2017-11-08 01:00:41,815313,815461,815505,0.005,0.09991211,12767.02068731,10198.11857108,255632.5740778
"527",2017-11-08 01:00:42,815313,815461,815505,0.005,0.00149967,12763.66286041,10191.18515864,255632.1417578
"528",2017-11-08 01:00:43,815313,815400,815505,1.6,0.00149967,12771.41268952,10205.91515864,255627.9807578
"529",2017-11-08 01:00:44,815506,815401,815506,0.50008789,0.29149967,12765.11437668,10205.90515864,255627.0040578
"530",2017-11-08 01:00:48,815001,815001,815383,0.39086564,0.84491211,12761.78148855,10199.25857109,255616.27744569
"531",2017-11-08 01:00:49,815383,815505,815507,0.15508789,13.455,12779.00149644,10199.61365923,255617.10864022
"532",2017-11-08 01:00:50,815505,815383,815505,0.78282,3.84491211,12791.90344487,10193.7785706,255605.96372811
"533",2017-11-08 01:00:54,815500,815440,815500,0.1,5.549,12773.64664486,10201.02207045,255608.84846413
"534",2017-11-08 01:00:55,815500,815440,815500,0.1,5.549,12774.50804412,10190.66016971,255608.77776096
"535",2017-11-08 01:00:56,815499,815440,815499,0.1,0.19,12773.85184388,10201.45017045,255608.55076096
"536",2017-11-08 01:00:57,815499,815440,815499,0.1,0.27,12771.39404339,10200.93016971,255607.45076096
"537",2017-11-08 01:00:58,815499,815440,815499,0.1,0.27,12773.29354339,10207.0301707,255604.60076096
"538",2017-11-08 01:00:59,815500,815440,815499,0.1,0.3,12772.71904339,10206.0741707,255605.70349096
"539",2017-11-08 01:01:00,815500,815441,815499,0.8845,0.3,12772.20354266,10207.77316934,255605.53599096
"540",2017-11-08 01:01:01,815500,815445,815499,0.005,0.22,12774.77454336,10208.26317131,255603.86866177
"541",2017-11-08 01:01:02,815500,815440,815500,0.1,5.049,12772.46954326,10209.78857131,255602.83761177
"542",2017-11-08 01:01:03,815505,815441,815505,0.8767,2.89391211,12769.65564302,10205.14397106,255608.93711177
"543",2017-11-08 01:01:04,815505,815500,815504,0.8603,0.52,12775.28153095,10205.86397131,255608.90611177
"544",2017-11-08 01:01:05,815401,815401,815504,7.2101,0.24,12778.23101049,10202.28396884,255613.81611177
"545",2017-11-08 01:01:06,815401,815401,815500,0.4301,0.04,12774.72801146,10208.23197131,255613.79504177
"546",2017-11-08 01:01:07,815401,815373,815500,0.5,0.04,12770.80641146,10207.43397387,255602.26504177
"547",2017-11-08 01:01:08,815401,815374,815500,0.6,0.04,12775.01989935,10207.42157387,255601.84004177
"548",2017-11-08 01:01:09,815401,815374,815500,0.6,0.04,12775.01989935,10207.64157387,255601.83504177
"549",2017-11-08 01:01:10,815401,815374,815500,0.6,0.04,12774.88139935,10204.83197387,255599.52004177
"550",2017-11-08 01:01:11,815401,815374,815500,0.6,0.04,12774.09739935,10203.66397387,255598.37024177
"551",2017-11-08 01:01:12,815401,815374,815500,1.1,0.04,12764.69739887,10203.44397265,255598.30919177
"552",2017-11-08 01:01:13,815401,815375,815500,0.6,0.04,12774.67229936,10203.01397265,255598.41739177
"553",2017-11-08 01:01:14,815507,815281,815507,0.05,11.88891211,12767.65139937,10196.5235724,255603.59834177
"554",2017-11-08 01:01:15,815103,815105,815507,0.62,11.68891211,12776.37139961,10195.75597043,255604.65564177
"555",2017-11-08 01:01:16,815507,815105,815507,0.62,10.88891211,12775.39579985,10194.52797142,255602.64564177
"556",2017-11-08 01:01:17,815600,815600,815631,2.2010869,0.05,12762.15688528,10216.78905659,255612.69067487
"557",2017-11-08 01:01:18,815600,815600,815631,2.2010869,0.05,12802.83798528,10218.27315659,255611.05167489
"558",2017-11-08 01:01:19,815600,815600,815631,2.2010869,0.05,12727.45528528,10257.15315659,255610.97987603
"559",2017-11-08 01:01:20,815631,815600,815601,2.2010869,1,12779.43828455,10292.78135857,255610.04187601
"560",2017-11-08 01:01:21,815600,815600,815601,1.23108591,0.2,12818.556186,10304.07855857,255609.80760692
"561",2017-11-08 01:01:22,815601,815601,815650,0.539,0.02,12755.146686,10313.40125906,255608.80062183
"562",2017-11-08 01:01:23,815850,815601,815649,0.539,0.6,12750.48258527,10314.89425857,255608.03962183
"563",2017-11-08 01:01:24,815649,815601,815649,0.539,0.5,12758.01078504,10308.59585906,255608.81722183
"564",2017-11-08 01:01:25,815601,815600,815601,1.23108591,0.461,12745.01378456,10298.52725708,255608.13902298
"565",2017-11-08 01:01:26,815850,815600,815848,1.23108591,1.8482,12754.2917848,10307.48305832,255614.93802298
"566",2017-11-08 01:01:27,815850,815600,815850,0.63108591,0.21920099,12757.62578504,10287.78305931,255618.21392298
"567",2017-11-08 01:01:28,815649,815650,815879,0.6,0.739,12756.06377971,10285.62005928,255621.56262298
"568",2017-11-08 01:01:29,815880,815850,815880,0.1692,2.34820149,12740.26797971,10284.84005928,255623.01092298
"569",2017-11-08 01:01:30,815880,815880,815899,0.85689851,0.5,12751.36367895,10283.79185878,255625.72452447
"570",2017-11-08 01:01:31,815999,815879,815999,1,5.58718099,12758.4887802,10298.19365834,255631.82075447
"571",2017-11-08 01:01:32,815999,815900,816000,0.916,8.36260105,12755.65937891,10303.30647809,255629.32970447
"572",2017-11-08 01:01:33,816000,815999,816000,0.916,3.33260105,12768.84197891,10308.23207907,255634.60210471
"573",2017-11-08 01:01:34,816000,815999,816000,0.916,3.38260105,12776.6335646,10312.34007833,255634.62570471
"574",2017-11-08 01:01:35,815902,815902,816015,1.03339895,0.18,12776.74196355,10313.96047801,255638.11130576
"575",2017-11-08 01:01:36,815901,815902,816015,0.203,0.17,12786.71356485,10302.90047752,255644.12130576
"576",2017-11-08 01:01:37,816116,815374,816116,0.33738464,4.65768469,12768.72756412,10307.93947826,255662.34460576
"577",2017-11-08 01:01:39,815400,815157,815400,0.6,10.5,12743.5073521,10327.75958342,255665.75095719
"578",2017-11-08 01:01:40,815000,815000,815400,15.33574942,10.5,12731.5073521,10326.89858194,255677.25095719
"579",2017-11-08 01:01:41,815158,815158,815399,6.4,1.932,12739.10735308,10319.52558091,255680.06479834
"580",2017-11-08 01:01:42,815000,815393,815400,0.02,10.44,12732.06735283,10309.17258091,255687.84479834
"581",2017-11-08 01:01:43,815400,815001,815400,0.54,7.39,12732.32735283,10303.06458091,255691.90699834
"582",2017-11-08 01:01:44,815200,815176,815393,0.01,0.02,12736.13735259,10292.96357991,255694.93301654
"583",2017-11-08 01:01:45,815251,815002,815251,0.76,0.45,12731.4973543,10297.82458164,255724.82785156
"584",2017-11-08 01:01:46,815003,815003,815250,0.35,0.02,12730.46746842,10282.80078079,255724.17687212
"585",2017-11-08 01:01:47,815250,815004,815250,0.35,0.01620084,12752.74658552,10310.47958415,255725.01667128
"586",2017-11-08 01:01:48,815251,815000,815251,5,0.9414014,12761.91818454,10308.85958415,255725.01677128
"587",2017-11-08 01:01:49,815251,815003,815251,10,0.9014014,12768.14718283,10310.51958415,255723.05677128
"588",2017-11-08 01:01:50,815003,815003,815250,6,0.6,12754.69818405,10311.11958415,255720.14620128
"589",2017-11-08 01:01:51,815160,815160,815250,1.58,0.6,12749.04618356,10632.08758341,255721.37960128
"590",2017-11-08 01:01:52,815003,815004,815250,6.50402398,6.54261438,12762.38720778,10621.55019779,255722.77855128
"591",2017-11-08 01:01:53,815160,815005,815159,0.36,0.56,12769.34720827,10627.59489835,255722.68205023
"592",2017-11-08 01:01:54,815160,815100,815159,0.05,0.56,12763.6831838,10626.97889722,255720.17424466
"593",2017-11-08 01:01:55,815250,815250,815251,4.19868594,0.9014014,12768.54187023,10618.85758466,255727.78735872
"594",2017-11-08 01:01:56,815250,815250,815251,2.88528594,0.8994014,12777.04847023,10606.90558219,255728.31755872
"595",2017-11-08 01:01:57,815250,815250,815251,2.27528594,0.6994014,12776.61846998,10619.06628343,255728.30255872
"596",2017-11-08 01:01:58,815250,815250,815251,1.67528594,0.6994014,12776.02647023,10624.86728452,255718.21655872
"597",2017-11-08 01:01:59,815250,815250,815251,1.43528594,0.6994014,12797.77857023,10624.04618378,255714.44548872
"598",2017-11-08 01:02:00,815250,815250,815251,0.83028594,0.6994014,12791.8278695,10624.92478452,255714.64623872
"599",2017-11-08 01:02:01,815000,815000,815251,4.82768594,0.6994014,12794.25947097,10617.57398377,255718.35623872
"600",2017-11-08 01:02:02,815251,815001,815250,1.4367,0.22,12797.90377097,10623.06898549,255719.03883925
