"","time","lst","best_bid","best_ask","best_bid_size","best_ask_size","total_bid_depth","total_ask_depth","volume"
"1",2017-11-08 01:34:31,808230,808230,808272,0.15,0.01,12910.83963958,9477.43997656,256399.71084186
"2",2017-11-08 01:34:32,808230,808235,808272,0.005,0.01,12900.0946381,9466.34897458,256398.94684186
"3",2017-11-08 01:34:33,808230,808235,808272,0.005,0.01,12888.98143726,9474.28585976,256398.44684186
"4",2017-11-08 01:34:34,808272,808230,808499,0.15,30,12897.55143548,9514.85185888,256397.9550419
"5",2017-11-08 01:34:35,808230,808100,808330,0.58,0.002,12896.96643612,9512.57696013,256397.54845434
"6",2017-11-08 01:34:36,808498,808097,808200,0.63550013,0.5,12895.35623612,9514.01726112,256394.95845434
"7",2017-11-08 01:34:37,808200,808080,808200,0.1,0.495,12892.42073698,9514.84796112,256390.46345434
"8",2017-11-08 01:34:38,808199,808080,808097,0.1,0.6355,12893.24073722,9505.67876117,256380.47345434
"9",2017-11-08 01:34:39,808198,808080,808197,0.1,0.2,12913.53803771,9515.46506117,256380.95345434
"10",2017-11-08 01:34:40,808198,808080,808197,0.1,0.2,12962.8970387,9514.31506117,256378.95345434
"11",2017-11-08 01:34:41,808196,808080,808196,0.1,1.5,12966.27443846,9502.85666105,256387.75345434
"12",2017-11-08 01:34:42,808195,808080,808195,0.1,0.195,12962.1344387,9506.9516613,256362.88345434
"13",2017-11-08 01:34:43,808499,808080,808499,0.1,29.99500075,12962.39443791,9506.18066274,256363.87345434
"14",2017-11-08 01:34:44,808498,808041,808498,1.5987,5.60000025,12959.89443692,9511.68066299,256365.77345434
"15",2017-11-08 01:34:45,808499,808200,808499,0.019,29.98500075,12960.13473801,9506.76866423,256370.78345434
"16",2017-11-08 01:34:46,808499,808042,808498,1.6977,8.2000005,12959.79553752,9512.70626225,256372.19745434
"17",2017-11-08 01:34:47,808499,808133,808497,0.498,0.501,13101.65803752,9510.06046151,256372.19065458
"18",2017-11-08 01:34:48,808499,808133,808497,0.498,0.501,13100.32453752,9513.36046374,256370.59065458
"19",2017-11-08 01:34:49,808497,808134,808497,1.6645,0.496,13095.08903654,9513.35546374,256358.54565458
"20",2017-11-08 01:34:50,808497,808135,808497,1.6645,0.496,13105.58903753,9521.45546349,256357.09085458
"21",2017-11-08 01:34:51,808497,808135,808497,1.6645,0.496,13106.75903802,9521.75546349,256340.09085458
"22",2017-11-08 01:34:52,808136,808136,808497,1.5433,0.496,13107.52983802,9529.06946151,256322.83285482
"23",2017-11-08 01:34:53,808498,808133,808498,0.0413,9.79600149,13107.20113703,9520.58346225,256316.86285482
"24",2017-11-08 01:34:54,808498,808133,808497,0.0413,0.7125,13104.37983604,9532.499962,256316.87285482
"25",2017-11-08 01:34:55,808496,808134,808496,0.099,0.3295,13102.82883604,9525.3169625,256305.08557856
"26",2017-11-08 01:34:56,808496,808133,808495,0.0413,1.2,13068.08993826,9530.72476225,256294.70850893
"27",2017-11-08 01:34:57,808041,808043,808475,0.96,0.498,13125.82693875,9534.31446076,256292.19850893
"28",2017-11-08 01:34:58,808475,808041,808475,0.9235,0.488,13120.08593925,9542.5557625,256291.91370999
"29",2017-11-08 01:34:59,808475,808041,808234,0.9235,0.01,13122.51893885,9538.90546255,256291.91270999
"30",2017-11-08 01:35:00,808037,808020,808233,0.002,7,13113.3755391,9546.49276364,256295.84300965
"31",2017-11-08 01:35:01,807602,807602,807621,0.4074,0.498,13112.4629391,9546.42986364,256294.39560965
"32",2017-11-08 01:35:02,807621,807619,807621,0.9039,0.278,13113.2094391,9546.73536364,256294.5485458
"33",2017-11-08 01:35:03,808231,808042,808231,0.6,6.9787,13115.124839,9536.75406389,256282.44804574
"34",2017-11-08 01:35:04,808231,808042,808231,0.6,6.9587,13110.34483876,9542.58406413,256282.46804574
"35",2017-11-08 01:35:05,808037,807645,807913,0.01,0.01,13108.69373826,9536.091861,256280.91024574
"36",2017-11-08 01:35:06,808230,807646,808230,7,1.7,13123.84443876,9534.616561,256270.66924574
"37",2017-11-08 01:35:07,807915,807915,808032,0.49,0.005,13126.10873891,9538.49616107,256271.07559891
"38",2017-11-08 01:35:08,807915,807915,808032,0.09,0.005,13118.02583891,9533.63466032,256270.75769891
"39",2017-11-08 01:35:09,807915,807915,808032,0.09,0.005,13110.12083817,9539.57826148,256269.81110501
"40",2017-11-08 01:35:10,808037,807649,807935,0.2,0.01011123,13110.66573891,9532.92897196,256268.31290447
"41",2017-11-08 01:35:11,808037,807649,807935,0.9715,0.02202192,13113.84123743,9535.98279324,256268.28790447
"42",2017-11-08 01:35:12,807650,807650,807935,2.1069,0.02202192,13114.66793795,9535.30739324,256268.28790447
"43",2017-11-08 01:35:13,807935,807651,807935,0.28,0.01202192,13103.60113696,9534.66349324,256268.28790447
"44",2017-11-08 01:35:14,807817,807817,807935,0.00893263,0.00202192,13109.68896959,9539.27540284,256267.89897184
"45",2017-11-08 01:35:15,807940,807817,807940,0.00893263,0.0158431,13102.61326885,9541.48520359,256246.80897184
"46",2017-11-08 01:35:16,807940,807817,807940,0.00893263,0.0058431,13102.47406934,9534.33380373,256233.80797184
"47",2017-11-08 01:35:17,807940,807817,807935,0.00893263,0.005,13103.97636983,9530.53880348,256232.79997184
"48",2017-11-08 01:35:18,807939,807817,807938,0.00893263,0.6,13104.01096993,9552.32810327,256232.79997184
"49",2017-11-08 01:35:19,807654,807655,807817,0.96,2.99106737,13105.9145373,9549.41417064,256232.03681357
"50",2017-11-08 01:35:20,807817,807656,807817,7,0.51196737,13109.5154373,9546.97907064,256233.00591357
"51",2017-11-08 01:35:21,807817,807657,807817,0.25,0.00196737,13114.02993878,9545.58207188,256231.98371351
"52",2017-11-08 01:35:22,808146,808050,808146,5,10.01930978,13114.30193878,9543.42007188,256233.08371351
"53",2017-11-08 01:35:23,808146,808126,808145,0.5,0.4406,13103.71143918,9526.48837357,256234.97271351
"54",2017-11-08 01:35:24,808146,808126,808146,0.5,3.45990978,13110.41843782,9532.36337228,256239.97121434
"55",2017-11-08 01:35:25,808146,808126,808146,0.5,2.10320978,13106.62043856,9545.16567352,256241.32641526
"56",2017-11-08 01:35:26,808146,808126,808146,0.5,2.10320978,13103.53383832,9541.02797178,256239.30441526
"57",2017-11-08 01:35:27,808126,808126,808146,0.39850083,1.46770965,13106.25733915,9548.7674724,256240.04141456
"58",2017-11-08 01:35:28,808146,808126,808146,0.39850083,1.46170965,13111.25733816,9550.6788724,256238.54741456
"59",2017-11-08 01:35:29,808146,808126,808146,0.39850083,1.46170965,13111.12033816,9552.23387289,256237.94741456
"60",2017-11-08 01:35:30,808146,808127,808146,0.6,1.44870965,13110.55033742,9549.54887289,256232.96041456
"61",2017-11-08 01:35:31,808146,808127,808145,0.6,7,13107.70303626,9552.83247517,256232.85041456
"62",2017-11-08 01:35:32,808146,808127,808146,0.6,1.44870965,13111.70703626,9542.13447517,256230.19041456
"63",2017-11-08 01:35:33,808496,808127,808496,0.6,4.38571437,13112.19923626,9534.37917468,256236.38041456
"64",2017-11-08 01:35:34,808499,808128,808499,1.1439,28.87071512,13112.32648499,9523.77917739,256236.69868208
"65",2017-11-08 01:35:35,808499,808146,808493,0.00179916,0.4684,13108.57828415,9540.87857794,256236.69868208
"66",2017-11-08 01:35:36,808128,808127,808295,0.6,0.01,13098.40558598,9545.05998141,256231.00868208
"67",2017-11-08 01:35:37,808499,808129,808499,0.6,28.65211512,13088.10458672,9538.59158141,256229.90368208
"68",2017-11-08 01:35:38,808499,808129,808294,0.708,7,13097.41568672,9548.4915824,256226.03718208
"69",2017-11-08 01:35:39,808499,808129,808499,0.708,12.03151512,13089.34368646,9524.48098117,256246.51718208
"70",2017-11-08 01:35:40,808499,808129,808499,0.6,7.03151512,13077.78968745,9514.68098042,256244.37172948
"71",2017-11-08 01:35:41,808778,808499,808778,9.7499,11.95420039,13095.28958745,9504.98098067,256254.0202406
"72",2017-11-08 01:35:42,808778,808499,808777,9.7499,0.8804,13094.28568646,9503.90718053,256253.81441037
"73",2017-11-08 01:35:43,808778,808134,808778,0.005,3.890401,13079.49758695,9500.90508228,256261.10001037
"74",2017-11-08 01:35:44,808778,808135,808777,7,0.96,13065.0718414,9502.36508097,256259.02201025
"75",2017-11-08 01:35:45,808849,808494,808776,0.1801,0.26,13078.58635214,9500.7758478,256262.02201025
"76",2017-11-08 01:35:46,808519,808778,808849,1.4077,0.5391785,13072.58356947,9510.1291488,256261.68651025
"77",2017-11-08 01:35:47,808864,808779,808864,7,2.1391785,13079.31766947,9504.8201491,256267.48651025
"78",2017-11-08 01:35:48,808922,808780,808788,0.6,0.01,13081.86066946,9506.23015083,256273.55506902
"79",2017-11-08 01:35:49,808921,808864,808921,0.7617,0.16,13091.04356995,9507.75497234,256274.42991852
"80",2017-11-08 01:35:50,808779,808779,808921,4.3217,1.3238,13089.54186781,9505.47877159,256286.41864422
"81",2017-11-08 01:35:51,808779,808785,808825,1,0.01,13078.90786709,9504.20267257,256286.41864422
"82",2017-11-08 01:35:52,808786,808786,808923,0.3499,0.58710063,13082.47157502,9502.98787128,256288.81824403
"83",2017-11-08 01:35:53,808923,808785,808923,0.3399,0.58610063,13091.8765765,9502.98687128,256289.31924403
"84",2017-11-08 01:35:54,809000,808786,809000,1.0133,15.61810063,13074.72087611,9474.96587202,256290.20154403
"85",2017-11-08 01:35:55,809000,808787,809000,0.6,15.61710063,13082.51267492,9474.96487202,256290.13854403
"86",2017-11-08 01:35:56,809000,808787,809000,0.59850013,15.56710063,13093.49787628,9467.31487177,256289.74794504
"87",2017-11-08 01:35:57,809000,808786,809000,0.5028,16.16710063,13075.19547555,9470.33787202,256295.84794504
"88",2017-11-08 01:35:58,809000,808792,808999,0.005,0.6,13082.02047579,9469.83687177,256291.29894504
"89",2017-11-08 01:35:59,808999,808821,808999,0.13,0.499,13082.0655753,9470.03587128,256280.39994504
"90",2017-11-08 01:36:00,808999,808822,808999,0.1866,0.499,13064.57807793,9466.59587376,256279.95894504
"91",2017-11-08 01:36:01,808822,808821,808999,0.13,0.499,13068.72419868,9450.60677301,256279.68894504
"92",2017-11-08 01:36:02,809000,808821,809000,0.13,15.26510063,13078.25849855,9457.89487301,256280.68894504
"93",2017-11-08 01:36:03,809015,809000,809015,0.03489937,0.01449498,13079.98419886,9473.26057314,256295.71004567
"94",2017-11-08 01:36:04,809015,809000,809015,0.03489937,0.01449498,13078.51148162,9470.47857029,256295.71004567
"95",2017-11-08 01:36:05,809000,809015,809200,0.0254,1.1,13087.08098224,9469.7640773,256296.16434504
"96",2017-11-08 01:36:06,809200,809015,809200,2.0254,0.1,13092.51416173,9461.64324674,256296.21434504
"97",2017-11-08 01:36:07,809200,809015,809200,2.01,0.1,13092.1290549,9472.49194699,256289.21434504
"98",2017-11-08 01:36:08,809314,809020,809314,0.005,2.84620034,13085.51415229,9471.78194451,256288.32634504
"99",2017-11-08 01:36:09,809031,809031,809314,0.111,2.70729773,13104.62515204,9498.97114841,256275.03924765
"100",2017-11-08 01:36:10,809200,809055,809200,0.3,9.9,13105.3085518,9512.77504841,256274.07924765
"101",2017-11-08 01:36:11,809055,809056,809175,7,0.5,13105.09015279,9504.07504717,256272.88204765
"102",2017-11-08 01:36:12,809200,809155,809200,0.5,9.1315,13096.7164523,9517.13264767,256273.04874879
"103",2017-11-08 01:36:13,809200,809155,809200,0.5,9.1315,13106.1214523,9522.73264742,256268.04924884
"104",2017-11-08 01:36:14,809056,809105,809155,0.01189709,1,13085.44174072,9536.14765042,256275.79974879
"105",2017-11-08 01:36:15,809155,809016,809155,0.596,0.71,13085.52484363,9537.73435017,256271.69464564
"106",2017-11-08 01:36:16,809016,809016,809018,0.0694,3,13081.14194339,9530.10835017,256274.86124564
"107",2017-11-08 01:36:17,809017,809015,809017,1.0694,0.4883,13079.83194339,9529.66334967,256275.40851828
"108",2017-11-08 01:36:18,809012,808955,809012,0.00889689,0.4206,13078.26472264,9532.1479514,256272.12811828
"109",2017-11-08 01:36:19,809012,808955,809011,0.00889689,0.6,13083.37172288,9545.7825514,256271.73311828
"110",2017-11-08 01:36:20,809012,808955,809011,0.00889689,0.6,13091.00172337,9545.5725519,256268.57311828
"111",2017-11-08 01:36:21,808927,808927,809011,0.04789689,0.6,13094.03852313,9555.18405115,256265.06544588
"112",2017-11-08 01:36:22,809011,808927,809011,0.04789689,0.55,13094.33952313,9553.51895115,256263.45344588
"113",2017-11-08 01:36:23,808927,808800,808927,0.02,0.00490311,13094.17882624,9540.44785551,256263.50534277
"114",2017-11-08 01:36:24,808151,808152,808779,0.5311,0.00199938,13082.33745993,9539.78985364,256264.80534277
"115",2017-11-08 01:36:25,809012,808664,808810,2.6,0.15490311,13095.39245943,9547.62755737,256269.46574215
"116",2017-11-08 01:36:26,809012,808666,808810,1.2,0.15490311,13093.12855632,9559.32155687,256269.97599713
"117",2017-11-08 01:36:27,809012,808666,808925,1.74,0.8047,13094.92305943,9576.18855376,256269.90589713
"118",2017-11-08 01:36:28,809012,808667,809009,7.55,0.05,13096.67255919,9570.73185351,256269.22889713
"119",2017-11-08 01:36:29,809011,808668,808999,0.96,0.4483,13103.65285943,9569.97715365,256264.56329713
"120",2017-11-08 01:36:30,808999,808670,808999,0.1,0.44650024,13087.27915894,9566.61035315,256262.56509689
"121",2017-11-08 01:36:31,809011,808672,809011,0.52,0.77200024,13103.55106022,9550.82235265,256258.93509689
"122",2017-11-08 01:36:32,808998,808711,808998,0.002,0.81660026,13111.99576096,9548.59095167,256255.38826675
"123",2017-11-08 01:36:33,808998,808711,809012,0.002,8.29050311,13092.03676022,9544.67635141,256254.92089289
"124",2017-11-08 01:36:34,808672,808670,809011,0.2,0.8383,13091.41475998,9533.48765191,256255.92089289
"125",2017-11-08 01:36:35,808672,808879,809010,0.01,11,13081.83696047,9551.09965389,256255.85089289
"126",2017-11-08 01:36:36,808879,808671,808982,0.6,1,13089.58776047,9536.6613529,256255.84089289
"127",2017-11-08 01:36:37,808671,808672,809009,7,0.6,13096.01506047,9532.6613524,256262.24789289
"128",2017-11-08 01:36:38,808671,808672,808977,7,0.005,13102.18816096,9534.4673532,256262.23789289
"129",2017-11-08 01:36:44,809475,809138,809200,0.01,1,13096.14336036,9501.81005469,256299.3445822
"130",2017-11-08 01:36:45,809475,809250,809475,9.73,19.04900336,13113.53706033,9499.98305469,256301.01458125
"131",2017-11-08 01:36:46,809199,809138,809199,0.01,3.67,13086.66886009,9504.52853381,256309.7957822
"132",2017-11-08 01:36:47,809199,809032,809199,0.005,2.62,13099.12028182,9512.87529413,256310.8557822
"133",2017-11-08 01:36:48,809198,809033,809198,0.08850003,0.1142,13107.08268185,9515.28739463,256311.8557822
"134",2017-11-08 01:36:49,809032,809031,809474,0.005,6.3,13108.54528182,9512.58695445,256316.72205786
"135",2017-11-08 01:36:50,809032,809031,809032,0.005,0.01546997,13110.76528206,9513.99739417,256316.80805786
"136",2017-11-08 01:36:51,809464,809007,809464,0.3538,5.5827677,13111.13248231,9510.0686919,256315.40505545
"137",2017-11-08 01:36:52,809464,808737,809464,1.20000074,5.4427677,13098.58148158,9517.68669117,256321.11505545
"138",2017-11-08 01:36:53,808866,808866,809032,0.9303,4.99,13103.50496033,9543.44762216,256320.00855507
"139",2017-11-08 01:36:54,809032,808866,809032,0.9303,3.77699951,13102.92716401,9534.93492167,256308.12155556
"140",2017-11-08 01:36:55,809032,808974,809032,0.01,1.48429936,13113.76886401,9538.68032381,256310.36625571
"141",2017-11-08 01:36:56,809032,808974,809032,0.01,1.48429936,13113.81886327,9538.57632355,256309.06625476
"142",2017-11-08 01:36:57,808867,808867,809000,0.1,0.05,13106.28086352,9486.04931821,256308.31625476
"143",2017-11-08 01:36:58,808867,808867,808999,0.1,7,13106.12886376,9503.2770197,256302.30625476
"144",2017-11-08 01:37:01,808867,808693,808865,0.01,0.6,13092.57275959,9495.10335297,256286.38243157
"145",2017-11-08 01:37:02,808867,808693,808865,0.01,0.6,13102.91776008,9491.92475198,256286.38443155
"146",2017-11-08 01:37:03,808865,808797,808864,1.6,0.6,13102.85575875,9493.50075281,256284.12943073
"147",2017-11-08 01:37:04,808797,808797,808864,1.2,0.59,13105.04705791,9491.33975251,256263.25833073
"148",2017-11-08 01:37:05,808865,808797,808865,1.2,1.6476,13104.28585791,9491.39145048,256243.13814246
"149",2017-11-08 01:37:06,808797,808797,808867,0.66,4.1194,13084.01205791,9479.54384899,256243.51014246
"150",2017-11-08 01:37:07,808797,808693,808797,0.01,1.0666,13080.88825742,9495.40944898,256242.03470558
"151",2017-11-08 01:37:08,808797,808693,808864,0.01,1.0725,13088.38696369,9496.05534898,256241.61090584
"152",2017-11-08 01:37:09,808867,808770,808867,0.01,0.1909,13071.6369632,9471.83534898,256246.61090584
"153",2017-11-08 01:37:10,808863,808770,808863,0.01,1.0768,13077.61696295,9471.92214873,256246.76187584
"154",2017-11-08 01:37:11,808863,808770,808867,0.01,0.1909,13078.34426344,9470.2063496,256244.62837584
"155",2017-11-08 01:37:12,808863,808770,808867,0.01,0.1909,13084.31026393,9475.00635036,256244.49440962
"156",2017-11-08 01:37:13,808863,808770,808862,0.01,0.005,13083.09836114,9470.35184775,256243.48101854
"157",2017-11-08 01:37:14,808863,808770,808862,0.01,0.005,13070.99836203,9474.39284959,256243.89603878
"158",2017-11-08 01:37:15,808863,808770,808862,0.01,0.005,13072.18886129,9468.59385014,256243.67331386
"159",2017-11-08 01:37:16,808771,808771,808862,4,0.005,13067.39886204,9458.97715112,256256.88031556
"160",2017-11-08 01:37:17,808660,808465,808660,6,0.05,13064.19686228,9459.05715112,256261.30031556
"161",2017-11-08 01:37:18,808660,808605,808660,1,0.15,13065.19986179,9460.41225071,256261.28827007
"162",2017-11-08 01:37:19,808771,808605,808770,1,0.59800082,13063.61586203,9465.4373517,256261.34836737
"163",2017-11-08 01:37:20,808769,808605,808769,1,0.9424,13067.21936178,9454.63375088,256261.35036737
"164",2017-11-08 01:37:21,808769,808605,808769,1,0.9414,13068.40836178,9455.2307517,256261.25136737
"165",2017-11-08 01:37:22,808769,808606,808860,0.8148,0.005,13068.67466178,9463.29055152,256259.51136737
"166",2017-11-08 01:37:23,808769,808607,808768,0.8153,0.59700082,13057.49516079,9468.00565333,256259.43036737
"167",2017-11-08 01:37:24,808769,808607,808768,0.8153,0.59700082,13055.89516128,9466.90565234,256257.43036737
"168",2017-11-08 01:37:25,808769,808701,808863,0.7925,0.59700082,13057.67236079,9464.92795259,256257.42936737
"169",2017-11-08 01:37:29,808861,808712,808861,0.01,0.59120148,13065.29426227,9484.84525225,256251.92516671
"170",2017-11-08 01:37:30,808712,808712,808861,0.007,0.59120148,13083.06626425,9485.33125225,256248.92156671
"171",2017-11-08 01:37:31,809023,808712,809023,0.007,0.7951,13079.06226401,9496.93805102,256241.43776819
"172",2017-11-08 01:37:32,809024,808712,809024,0.007,0.77489938,13080.165865,9484.95845015,256245.53996819
"173",2017-11-08 01:37:33,808842,808712,808842,0.007,0.007,13080.636765,9521.64445238,256244.80496819
"174",2017-11-08 01:37:34,809000,808712,809000,0.007,19.005,13083.72526648,9491.53495039,256245.82060528
"175",2017-11-08 01:37:35,809000,808713,809000,7,18.004,13083.93406401,9480.57994989,256246.14160528
"176",2017-11-08 01:37:36,809000,808797,809000,0.00179896,17.002,13079.47906198,9476.82895114,256247.02360528
"177",2017-11-08 01:37:37,808714,808714,809000,0.95369896,17,13080.43096198,9485.99195114,256246.95360528
"178",2017-11-08 01:37:38,809000,808714,809000,0.95369896,16.998,13073.41836198,9485.76614966,256241.95460528
"179",2017-11-08 01:37:39,809000,808712,809000,0.007,16.987,13062.86466203,9485.75514966,256233.01227292
"180",2017-11-08 01:37:40,809000,808714,809000,50,16.987,13115.32146203,9485.75515039,256230.30007292
"181",2017-11-08 01:37:41,809000,808715,809000,1.0428,16.985,13121.87146079,9481.95315188,256224.97697292
"182",2017-11-08 01:37:42,809000,808716,809000,0.6,9.984,13122.14866128,9474.93915218,256228.04881028
"183",2017-11-08 01:37:43,809000,808716,809000,0.6,5.9968,13121.89766128,9470.65195218,256231.82701028
"184",2017-11-08 01:37:44,808714,808728,809000,0.1,5.9968,13127.03966227,9468.36765282,256236.32401028
"185",2017-11-08 01:37:45,808999,808728,808999,0.1,0.246,13116.45134395,9437.89401312,256266.35251028
"186",2017-11-08 01:37:46,809199,809022,809213,0.6,0.01,13127.46224714,9450.00401462,256270.36251028
"187",2017-11-08 01:37:47,809022,809022,809213,0.70690013,0.01,13129.84184727,9437.8327151,256270.55401015
"188",2017-11-08 01:37:48,809199,809199,809213,4.6,0.01,13125.51214789,9440.79581411,256271.95401015
"189",2017-11-08 01:37:49,809199,809199,809213,4.37,0.009,13135.31624727,9440.66751411,256272.18501015
"190",2017-11-08 01:37:50,809199,809200,809213,0.6,0.009,13132.81774616,9418.70783469,256260.33501015
"191",2017-11-08 01:37:51,809747,809200,809747,0.6,1.657,13125.02774592,9415.9360337,256260.79731015
"192",2017-11-08 01:37:52,809747,809200,809213,0.62,10,13125.49144592,9425.6360337,256260.78731015
"193",2017-11-08 01:37:53,809199,809199,809213,2.94,10,13105.49894577,9425.32963261,256262.73731015
"194",2017-11-08 01:37:54,809212,809199,809212,0.94,0.599,13106.48113945,9419.99403332,256264.71853659
"195",2017-11-08 01:37:55,809213,809199,809213,0.91,8.599,13105.25763945,9437.29403432,256266.74853659
"196",2017-11-08 01:37:56,809213,809214,809299,0.60000074,0.002,13121.93364019,9428.59503481,256275.34753659
"197",2017-11-08 01:37:57,809800,809231,809800,0.01,0.498,13135.92124117,9415.55703332,256273.78874159
"198",2017-11-08 01:37:58,809800,809270,809800,0.107,0.498,13136.31723969,9434.95703506,256272.28694223
"199",2017-11-08 01:37:59,809799,809274,809799,1.20000024,1.7566,13129.20094018,9429.30263481,256272.77134318
"200",2017-11-08 01:38:00,809275,809275,809798,0.57850093,0.12,13147.41794332,9443.53263481,256272.87184225
"201",2017-11-08 01:38:01,809853,809274,809853,4.20000147,1.999,13142.19644239,9440.53163506,256279.81383243
"202",2017-11-08 01:38:02,809390,809390,809852,0.5,0.2,13136.36184043,9434.83293481,256266.73483243
"203",2017-11-08 01:38:03,809880,809880,809944,0.47389826,4.03,13137.91233844,9434.90683505,256271.26093417
"204",2017-11-08 01:38:04,809944,809948,809950,1.20000049,10,13143.72963991,9431.08583554,256280.72859849
"205",2017-11-08 01:38:05,809878,809758,809878,0.03,1.92810125,13140.17044067,9422.81393555,256284.83059724
"206",2017-11-08 01:38:06,809878,809758,809878,0.03,1.92610125,13134.13414067,9433.04193654,256286.55743197
"207",2017-11-08 01:38:07,809878,809759,809878,7,1.92510125,13137.40414067,9434.4129353,256286.84243197
"208",2017-11-08 01:38:08,809950,809759,809950,7,9.0559164,13142.88304116,9437.55465341,256290.03066578
"209",2017-11-08 01:38:09,809878,809772,809877,0.124,1.5322,13143.03674116,9443.96125617,256296.11889751
"210",2017-11-08 01:38:10,809950,809843,809950,0.01,6.8308777,13214.83824018,9430.14115543,256300.89859751
"211",2017-11-08 01:38:11,809950,809843,809950,0.01,6.8198777,13220.10656797,9419.60015593,256299.66959751
"212",2017-11-08 01:38:12,809950,809843,809950,0.01,5.6188777,13214.34466772,9415.73713669,256300.83059751
"213",2017-11-08 01:38:13,809950,809843,809950,0.01,17.6178777,13138.68246846,9383.06583571,256300.85689751
"214",2017-11-08 01:38:14,809949,809411,809949,1.06400122,7.58749938,13097.89786674,9403.36533509,256304.86039813
"215",2017-11-08 01:38:15,809949,809845,809949,1.1188,6.57749938,13121.34766772,9401.78533434,256305.38939813
"216",2017-11-08 01:38:16,809949,809774,809948,7,0.6,13125.69946546,9389.88533434,256306.15639813
"217",2017-11-08 01:38:17,809950,809774,809950,7,16.79537708,13129.1098664,9394.98533533,256309.72639813
"218",2017-11-08 01:38:18,809950,809849,809948,0.05,0.02420104,13128.75956689,9394.19953587,256307.50539813
"219",2017-11-08 01:38:19,809950,809849,809939,0.05,1,13111.78246561,9389.31953587,256310.29539813
"220",2017-11-08 01:38:20,809939,809849,809878,0.05,2,13120.8185557,9391.96853562,256309.91639813
"221",2017-11-08 01:38:21,809878,809849,809878,0.05,1.999,13123.58685668,9393.15753661,256309.91739813
"222",2017-11-08 01:38:22,809878,809849,809878,0.05,1.999,13125.24985717,9390.96753587,256309.91739813
"223",2017-11-08 01:38:23,810369,809849,810369,0.05,17.55322535,13118.12785668,9335.36553592,256355.33539813
"224",2017-11-08 01:38:24,810369,809936,810046,0.03,0.124,13123.80855427,9344.16753642,256356.27163134
"225",2017-11-08 01:38:25,810046,809878,810046,1.23669906,0.064,13118.87755427,9363.55153716,256356.31163134
"226",2017-11-08 01:38:26,809705,809600,809705,0.02,7.90400094,13122.06985521,9376.4057063,256358.4076304
"227",2017-11-08 01:38:27,809705,809600,809705,0.02,7.90400094,13136.57210936,9392.95490704,256358.4076304
"228",2017-11-08 01:38:28,809705,809600,809705,0.02,0.5414007,13138.46190765,9387.53419078,256365.74023064
"229",2017-11-08 01:38:29,809705,809677,810046,0.01,0.064,13101.69331218,9387.51079082,256366.25786535
"230",2017-11-08 01:38:30,810369,809677,809704,0.01,0.6,13104.31471292,9363.7493924,256372.25786535
"231",2017-11-08 01:38:31,810369,810046,810368,0.3,0.8426,13119.99621218,9357.6089929,256373.0023
"232",2017-11-08 01:38:32,810369,810046,810367,0.3,0.6,13112.04041341,9357.4239929,256373.0023
"233",2017-11-08 01:38:33,810369,810046,810365,0.3,0.16,13112.81901415,9359.2390929,256363.0023
"234",2017-11-08 01:38:34,810365,810047,810365,0.6,0.42,13115.79691538,9359.3290929,256363.0223
"235",2017-11-08 01:38:35,810364,810048,810363,0.4995,0.5,13094.10170986,9355.86549018,256363.0233
"236",2017-11-08 01:38:36,810363,810363,810364,0.9,6.999,13108.18170912,9365.35549092,256356.8416548
"237",2017-11-08 01:38:37,810048,810049,810364,0.6,5.999,13120.35570971,9363.37269117,256358.8116548
"238",2017-11-08 01:38:38,810049,810048,810353,0.1195,0.044,13124.45990946,9363.70249092,256372.61215558
"239",2017-11-08 01:38:39,810363,810050,810363,0.59,0.27,13124.06670946,9364.93979092,256373.4301558
"240",2017-11-08 01:38:40,810363,810225,810363,0.01,0.61,13125.92075629,9366.27979092,256373.4401558
"241",2017-11-08 01:38:41,810363,810225,810363,0.01,2.1018,13124.76225678,9349.37236557,256378.47065658
"242",2017-11-08 01:38:42,809748,810319,810362,0.01,7.61,13144.91345605,9336.57860451,256383.71477705
"243",2017-11-08 01:38:43,810362,809863,810362,0.01285041,6.9,13143.81330621,9341.63280649,256384.97646669
"244",2017-11-08 01:38:44,810362,809863,810361,0.01285041,0.89,13138.38210719,9328.16216331,256384.97646669
"245",2017-11-08 01:38:45,809747,809751,810362,7,8.29,13144.56890752,9327.00616331,256386.75466621
"246",2017-11-08 01:38:46,809747,810137,810360,0.01,1.7186,13131.00890777,9329.48476331,256388.49123105
"247",2017-11-08 01:38:47,809752,809752,810361,1.41000172,2.3613,13125.26610851,9333.47746405,256386.98123105
"248",2017-11-08 01:38:48,809778,809779,810246,0.38,0.477,13127.31610851,9340.95446405,256387.38123105
"249",2017-11-08 01:38:49,810094,809817,810246,0.25,0.477,13128.61035777,9331.61156331,256386.98973168
"250",2017-11-08 01:38:50,810094,809780,809869,0.63,0.05,13104.18725703,9317.10476207,256386.09973168
"251",2017-11-08 01:38:51,809869,810050,810245,0.25,1.8616,13101.81725556,9326.63576305,256379.80974768
"252",2017-11-08 01:38:52,809752,809811,809949,0.477,0.004,13109.14915523,9325.91086256,256386.21174785
"253",2017-11-08 01:38:53,810244,809812,810244,1.01,1.3811,13095.64415482,9324.10286256,256387.49798196
"254",2017-11-08 01:38:54,810244,809812,809944,1.01,0.00149887,13089.32545482,9340.53516217,256387.49798196
"255",2017-11-08 01:38:55,810242,809813,810242,0.22,1.63439887,13111.50345531,9359.67616292,256387.76198196
"256",2017-11-08 01:38:56,810242,809814,810242,0.25,1.3319,13109.45745629,9361.07366405,256389.01300726
"257",2017-11-08 01:38:57,809815,809815,809942,6.9,0.003,13116.55885654,9362.42456405,256389.71300775
"258",2017-11-08 01:38:58,809815,809816,809942,0.26,0.003,13120.50085678,9362.62556435,256389.71300775
"259",2017-11-08 01:38:59,809942,810001,810194,0.997,1,13119.93385776,9361.85756435,256388.71600775
"260",2017-11-08 01:39:00,809942,810002,810193,8.20000074,1.2532,13126.95745752,9351.00096435,256388.65600775
"261",2017-11-08 01:39:01,810193,810003,810193,0.7393,0.6,13125.24755678,9331.61176336,256388.65700775
"262",2017-11-08 01:39:02,810242,810003,810242,0.7393,0.18,13128.65355751,9334.22176262,256392.75700775
"263",2017-11-08 01:39:03,810360,810005,810359,7,0.28,13116.26155629,9338.42176262,256394.72520809
"264",2017-11-08 01:39:04,810360,810006,810359,1.20000098,0.28,13121.40925751,9332.82176212,256394.72520809
"265",2017-11-08 01:39:05,810360,810007,810360,0.6,1.25859951,13123.98135825,9340.03086286,256394.72520809
"266",2017-11-08 01:39:06,810359,810008,810359,0.12,0.23820074,13116.45775825,9344.2690636,256395.43700735
"267",2017-11-08 01:39:07,810360,810008,810240,8.7195,0.22,13104.09085825,9393.4880636,256393.43800735
"268",2017-11-08 01:39:08,810240,810008,810240,6.3495,0.04,13095.25085727,9394.27696459,256395.61800735
"269",2017-11-08 01:39:09,810240,810009,810239,0.94,1.0276,13095.72395727,9392.12776484,256395.16975034
"270",2017-11-08 01:39:10,810009,810002,810008,0.60000098,1.2,13088.49965727,9404.04654012,256396.07675034
"271",2017-11-08 01:39:11,810001,809871,810008,0.0326,2.07480054,13086.90265629,9399.29574046,256396.77655078
"272",2017-11-08 01:39:12,810007,809801,810007,2.10960074,6.38499928,13086.13265629,9403.70886421,256397.15280799
"273",2017-11-08 01:39:13,809801,809801,810001,1.67060074,0.43049951,13063.67365556,9396.69336345,256399.28380848
"274",2017-11-08 01:39:14,809991,809700,809991,0.1,0.19999976,13078.29005629,9393.76896321,256401.14680896
"275",2017-11-08 01:39:15,810008,809700,809990,0.1,7,13077.07005653,9397.58566414,256402.43810905
"276",2017-11-08 01:39:16,809782,809782,809990,0.451,6.39999976,13078.24605702,9404.19066489,256401.69810929
"277",2017-11-08 01:39:17,809801,809782,809800,0.341,0.671,13069.44905429,9402.85266415,256401.95811027
"278",2017-11-08 01:39:18,809799,809462,809799,1.8721,5.79999902,13062.07145429,9397.95466145,256414.35811223
"279",2017-11-08 01:39:19,809799,809463,809799,2.40000098,5.12219927,13050.8420307,9405.66786027,256414.83388581
"280",2017-11-08 01:39:20,809799,809700,809799,2.88,3.34519829,13066.3041302,9408.04086128,256415.23692978
"281",2017-11-08 01:39:21,809700,809700,809799,0.83,3.34519829,13059.14303266,9405.21086301,256416.28692978
"282",2017-11-08 01:39:22,809500,809500,809700,0.48000049,0.2533,13064.64903315,9406.46416326,256414.11592978
"283",2017-11-08 01:39:23,809500,809500,809798,0.22670049,0.43659748,13069.22213315,9403.2364602,256410.64022978
"284",2017-11-08 01:39:24,809500,809500,809798,0.21670049,0.43659748,13066.60954214,9399.85315376,256400.36271625
"285",2017-11-08 01:39:25,809799,809252,809798,1.34900074,0.11,13069.81914288,9404.98425796,256402.41271625
"286",2017-11-08 01:39:26,809799,809252,809500,0.259,0.0842,13063.9291414,9406.37990618,256402.55496116
"287",2017-11-08 01:39:27,809500,809400,809499,0.01,0.06900014,13069.77744337,9419.78690662,256401.31676102
"288",2017-11-08 01:39:28,809400,809400,809498,0.007,0.023,13070.16174186,9425.06490686,256401.45976102
"289",2017-11-08 01:39:29,809400,809400,809798,0.00179924,0.451,13068.751641,9422.31890426,256402.41976102
"290",2017-11-08 01:39:30,809798,809400,809798,0.00179924,0.43765,13069.331841,9420.99295351,256401.30311102
"291",2017-11-08 01:39:31,809798,809400,809799,0.00179924,1.86044454,13077.321841,9404.15330352,256401.09311102
"292",2017-11-08 01:39:32,809798,809400,809574,0.00179924,0.01,13078.08909075,9402.544305,256401.09311102
"293",2017-11-08 01:39:33,809574,809400,809574,0.00179924,0.009,13077.46508977,9392.29030525,256401.09411102
"294",2017-11-08 01:39:34,809400,809282,809462,0.21829874,0.01,13077.00888976,9401.97830698,256377.85531188
"295",2017-11-08 01:39:35,809462,809462,809574,0.77282,0.009,13063.50099551,9399.62706219,256370.70761099
"296",2017-11-08 01:39:36,809574,809462,809574,0.77282,0.008,13073.385646,9399.04606244,256370.64215507
"297",2017-11-08 01:39:37,809574,809463,809574,1.8837,0.007,13066.00564675,9397.8700607,256370.64315507
"298",2017-11-08 01:39:38,809574,809464,809574,0.22,0.007,13067.01764576,9397.8700607,256369.83315436
"299",2017-11-08 01:39:39,809574,809464,809574,0.28,0.007,13071.42444576,9395.6355602,256369.83315436
"300",2017-11-08 01:39:40,809463,809462,809574,0.77282,1,13059.95319677,9385.64055872,256371.33315436
"301",2017-11-08 01:39:41,809464,809462,809464,0.77282,0.78170126,13068.08589726,9396.27886023,256371.5014531
"302",2017-11-08 01:39:42,809574,809798,809801,0.03219874,3.47799804,13060.07009503,9395.47656196,256373.28315436
"303",2017-11-08 01:39:43,809801,809728,809797,0.60000024,0.5325,13069.06959874,9390.00806072,256374.22615436
"304",2017-11-08 01:39:44,809461,809292,809461,5.05000049,1.21579961,13060.30107678,9395.06336008,256380.01035475
"305",2017-11-08 01:39:45,809292,809461,809960,0.6021,2.73199804,13063.07317678,9378.44555923,256383.00815436
"306",2017-11-08 01:39:46,809292,809461,809960,0.6021,2.73199804,13059.93617703,9390.86556047,256382.90815437
"307",2017-11-08 01:39:47,809960,809462,809796,0.4877,0.005,13062.73377678,9393.83091047,256382.50915437
"308",2017-11-08 01:39:48,809796,809462,809796,0.4877,0.004,13059.01277678,9395.12991047,256382.51015437
"309",2017-11-08 01:39:49,809796,809463,809796,0.01335,0.004,13054.39877727,9386.37491121,256382.51015437
"310",2017-11-08 01:39:50,809400,809300,809400,0.005,0.48565,13052.68272726,9388.47056122,256382.52450437
"311",2017-11-08 01:39:51,809798,809300,809798,0.005,0.69865,13060.76292751,9380.19691072,256382.92550437
"312",2017-11-08 01:39:52,810000,809500,810000,0.7,0.68954804,13061.76092751,9374.26311007,256389.83779303
"313",2017-11-08 01:39:53,810239,809661,809797,0.05,0.3549,13068.0432351,9374.54221124,256392.03879303
"314",2017-11-08 01:39:54,809998,809661,809998,0.05,0.9073,13064.63214016,9376.53511373,256392.03979303
"315",2017-11-08 01:39:55,810241,809662,810241,0.126,41.75343279,13074.95134114,9360.26541875,256402.04048727
"316",2017-11-08 01:39:56,810241,809662,810241,0.126,29.99203855,13064.73084065,9350.60402624,256413.04118151
"317",2017-11-08 01:39:57,810000,809662,810000,2.7614,2.049,13068.98554064,9369.58262674,256416.58218151
"318",2017-11-08 01:39:58,809855,809663,810000,0.28,2.049,13065.33324288,9369.30262674,256416.09218151
"319",2017-11-08 01:39:59,810238,810000,810239,12.951,0.4906,13078.92329979,9368.49431979,256418.14218151
"320",2017-11-08 01:40:00,810240,810001,810240,9.9551,0.4906,13086.51899955,9360.89432054,256430.14218151
"321",2017-11-08 01:40:01,810239,810001,810239,8.3501,0.159,13086.02085355,9362.25332104,256431.54238151
"322",2017-11-08 01:40:02,810241,810238,810241,6,2.74163855,13089.68075355,9340.2871743,256459.44238151
"323",2017-11-08 01:40:03,810241,810241,810360,0.44696145,3.65580025,13079.66971451,9330.895535,256465.47136503
"324",2017-11-08 01:40:04,810333,810333,810360,0.519,1,13090.48709713,9330.70553648,256471.33196618
"325",2017-11-08 01:40:05,810360,810334,810360,0.6,0.26,13082.71209665,9314.5655345,256472.11586606
"326",2017-11-08 01:40:06,810460,810365,810460,0.5536,6.58533163,13089.24139621,9313.17453623,256476.97686606
"327",2017-11-08 01:40:07,810460,810459,810460,0.6099,6.34563163,13098.8096967,9313.86212997,256477.27556606
"328",2017-11-08 01:40:08,810460,810367,810460,0.28,0.71363163,13092.4296967,9314.6301317,256484.20756606
"329",2017-11-08 01:40:09,810460,810368,810460,7,0.34733163,13102.4296967,9325.0878317,256483.98386606
"330",2017-11-08 01:40:14,810628,810623,810628,1,6.0715,13088.41386397,9332.05399595,256490.14129526
"331",2017-11-08 01:40:15,810628,810623,810629,0.9,0.2,13085.03386324,9323.78249595,256482.27139526
"332",2017-11-08 01:40:16,810628,810628,810629,0.0246,0.8,13085.74846328,9326.09649595,256476.25539376
"333",2017-11-08 01:40:17,810624,810624,810629,6.9986,0.8,13095.91446524,9326.34649743,256476.19889376
"334",2017-11-08 01:40:18,810710,810628,810710,0.0323,0.49,13097.78376524,9335.16749743,256475.29889402
"335",2017-11-08 01:40:19,810710,810628,810710,0.0323,0.459,13097.80676524,9338.01649743,256474.56377033
"336",2017-11-08 01:40:20,810624,810624,810710,2.2319,3.209,13092.82576524,9353.00419118,256472.71237033
"337",2017-11-08 01:40:21,810625,810623,810710,0.893,2.409,13088.39239638,9340.74629093,256478.22937033
"338",2017-11-08 01:40:22,810239,810626,810628,0.60000049,50,13175.35409613,9437.5492897,256483.22937033
"339",2017-11-08 01:40:23,810628,810239,810628,2.75390171,49.299,13245.28309637,9441.3326897,256487.12757067
"340",2017-11-08 01:40:24,810628,810240,810600,0.38,1.393,13212.13599687,9445.3714897,256487.12757067
"341",2017-11-08 01:40:25,810628,810328,810600,0.002,1.393,13163.50639499,9453.75059069,256487.00957067
"342",2017-11-08 01:40:26,810239,810000,810239,13.57280006,9.37269424,13158.61719426,9433.57258345,256492.5019023
"343",2017-11-08 01:40:27,810000,810000,810239,9.04280006,8.77269424,13126.95219426,9406.16258445,256498.20040253
"344",2017-11-08 01:40:28,810239,810003,810238,0.8,0.6,13150.29519426,9409.77748593,256500.82330253
"345",2017-11-08 01:40:29,810145,810000,810239,6.54280006,6.17869424,13113.65979426,9424.22868593,256503.97820253
"346",2017-11-08 01:40:30,809661,809600,809661,0.02,1.10303846,13049.60333971,9417.21152389,256511.87585831
"347",2017-11-08 01:40:31,810238,810001,810238,0.32749329,0.27019926,13045.893833,9417.22648469,256514.67525953
"348",2017-11-08 01:40:32,810238,810001,810238,0.32749329,2,13118.18183373,9399.48289745,256505.61179623
"349",2017-11-08 01:40:33,810238,810001,810094,0.32749329,0.01,13101.94033345,9385.66449745,256504.65890243
"350",2017-11-08 01:40:34,810004,810004,810094,3,0.01,13019.69503419,9380.55519521,256503.65890243
"351",2017-11-08 01:40:35,810004,810004,810094,3,0.01,13023.34703443,9386.21219521,256503.67799489
"352",2017-11-08 01:40:36,810004,810004,810094,3,3.01,13023.53954114,9389.21219521,256503.67799489
"353",2017-11-08 01:40:37,810004,809661,810093,3,2,13022.30134204,9391.77279585,256499.02418858
"354",2017-11-08 01:40:38,809662,809662,810450,2.3818,3,13022.58314179,9393.79719694,256514.37413858
"355",2017-11-08 01:40:39,809662,809664,810093,0.6,1.5971,13033.54354203,9398.79689744,256512.04295828
"356",2017-11-08 01:40:40,809662,809665,810092,0.6,1.5971,13032.06114203,9399.34319744,256509.75515805
"357",2017-11-08 01:40:41,809666,809666,810092,6.34536939,1.5971,13008.26381118,9396.31570613,256504.24292454
"358",2017-11-08 01:40:42,809666,809667,810000,2.72749353,0.5,13006.24730422,9396.21680415,256504.01064651
"359",2017-11-08 01:40:43,810000,810239,810250,1.5,0.5,13007.60730373,9383.41680068,256504.57049948
"360",2017-11-08 01:40:44,810239,810000,810250,0.02,0.5,13009.53740447,9387.18660287,256505.34462752
"361",2017-11-08 01:40:45,810240,810000,810240,0.02,3.995,13000.55740398,9413.56560312,256503.62962729
"362",2017-11-08 01:40:46,810240,810000,810091,0.02,7,12983.06072883,9420.63660386,256503.53062729
"363",2017-11-08 01:40:47,810000,810000,810091,0.018,7,12980.98402859,9421.66660312,256502.71352729
"364",2017-11-08 01:40:48,809728,810070,810091,0.01,7,12981.19402859,9421.41509655,256502.75482824
"365",2017-11-08 01:40:49,810001,810001,810090,5.28536939,0.2741,12984.20139724,9396.6171963,256503.22708064
"366",2017-11-08 01:40:50,810001,810002,810138,0.9028,0.531,12983.97499773,9396.94309705,256496.12708064
"367",2017-11-08 01:40:51,810002,810001,810100,5.28536939,0.3,12987.86449896,9394.88089655,256495.70578735
"368",2017-11-08 01:40:52,810002,810001,810100,5.28536939,0.3,12983.21400542,9395.39689754,256495.70378757
"369",2017-11-08 01:40:53,810100,810002,810100,0.6,2,12984.01300518,9397.10769727,256492.85178749
"370",2017-11-08 01:40:54,810001,810003,810085,0.6865,0.005,12979.17880518,9398.85069702,256487.85178749
"371",2017-11-08 01:40:55,810001,810076,810085,0.01,0.005,12982.0958042,9416.02569751,256487.85078749
"372",2017-11-08 01:40:56,810001,810076,810085,0.01,0.005,13003.20413393,9410.00909603,256487.85078749
"373",2017-11-08 01:40:57,809870,810095,810100,3.77869424,2,13011.62295804,9408.31569579,256490.85078749
"374",2017-11-08 01:40:58,810095,810095,810100,1.76869424,2,13006.11295657,9407.19169579,256487.86078749
"375",2017-11-08 01:40:59,810095,810095,810099,1.76869424,1.1996,13014.3628578,9404.39329527,256488.36078749
"376",2017-11-08 01:41:00,810095,810095,810100,0.34329424,2,13006.29886405,9404.75369552,256489.68618749
"377",2017-11-08 01:41:01,810095,810095,810100,0.22229424,2,13006.48153628,9397.02269552,256489.80718749
"378",2017-11-08 01:41:02,810095,809733,810084,0.22,7,13019.12896981,9412.44100202,256490.02948173
"379",2017-11-08 01:41:03,810095,809730,810083,0.22,0.0714,13013.50856907,9412.87409626,256487.81562794
"380",2017-11-08 01:41:04,810124,810138,810219,2.0766,0.01,13016.74216956,9403.50069626,256489.72902794
"381",2017-11-08 01:41:05,810138,810138,810219,1.2233,0.01,13015.52886981,9403.070697,256490.36372794
"382",2017-11-08 01:41:06,810138,810138,810218,0.6291,7,13013.66146957,9405.22069775,256490.87662794
"383",2017-11-08 01:41:07,810138,810138,810218,0.1291,7,13013.86794173,9403.8206975,256491.33592794
"384",2017-11-08 01:41:08,810138,810138,810218,0.1031,7,13014.3494695,9408.92069775,256473.41192794
"385",2017-11-08 01:41:09,810138,810091,810218,0.00479944,7,13014.246369,9408.9206975,256468.80702794
"386",2017-11-08 01:41:10,810091,809734,810091,2.376,4.99520056,13005.24156882,9406.62089806,256469.21738568
"387",2017-11-08 01:41:11,809734,809735,810091,10.8,4.99520056,13012.76556858,9404.76589608,256464.40362319
"388",2017-11-08 01:41:12,809734,809735,810091,10.8,4.99520056,13009.94956809,9395.16589583,256455.79589955
"389",2017-11-08 01:41:17,809737,809737,810089,3.49200098,0.6,13028.65456982,9404.56389723,256453.52001831
"390",2017-11-08 01:41:18,810240,809737,810240,3.21200098,2.14520056,13028.37456982,9395.76389822,256463.52001831
"391",2017-11-08 01:41:19,810240,809759,810088,0.545,7,13028.89056932,9438.46489715,256463.31419298
"392",2017-11-08 01:41:20,809760,809760,810087,0.574,0.6,13013.33366858,9429.8418974,256453.4779147
"393",2017-11-08 01:41:21,809760,809760,810086,0.574,0.284,13028.00256882,9442.6948974,256426.46415101
"394",2017-11-08 01:41:22,809760,809762,810086,7,0.284,13034.93566907,9467.8678974,256419.55415101
"395",2017-11-08 01:41:23,810086,809762,810099,9.40000024,0.026,13036.47956931,9480.96549844,256418.72815101
"396",2017-11-08 01:41:24,810086,809763,810099,0.854,0.026,13037.72296907,9475.88749798,256417.35794769
"397",2017-11-08 01:41:25,810086,809764,810100,0.60000074,0.019,13036.42297055,9487.57889873,256417.27434769
"398",2017-11-08 01:41:26,810239,810095,810221,0.01,0.026,13046.37717055,9493.35989798,256418.08844769
"399",2017-11-08 01:41:27,810239,810095,810221,0.01,0.026,13046.44717105,9480.63309698,256418.13844769
"400",2017-11-08 01:41:28,810239,810095,810099,0.31,20,13034.70317056,9509.23899748,256417.84533179
"401",2017-11-08 01:41:29,810239,810095,810099,0.31,20,13034.33557055,9493.16909575,256417.8315679
"402",2017-11-08 01:41:30,810099,810095,810099,0.31,9.2993,13037.63687006,9489.55049748,256427.0823679
"403",2017-11-08 01:41:31,810099,810095,810099,0.31,7.2943,13047.15897006,9486.16049679,256428.2873679
"404",2017-11-08 01:41:32,809971,809899,809971,0.5,1.58280075,13049.70287006,9488.94329853,256421.27466715
"405",2017-11-08 01:41:33,810099,809766,810099,1.20000098,6.32900026,13045.63916932,9486.49849828,256415.72466764
"406",2017-11-08 01:41:34,810099,809971,810099,0.8586,6.32900026,13037.43777006,9486.00069952,256365.68826764
"407",2017-11-08 01:41:35,810099,809972,810099,7,6.32900026,13045.89177055,9488.40069705,256336.68332246
"408",2017-11-08 01:41:36,810099,809972,810099,7,6.32900026,13044.7321703,9497.39069779,256328.32332246
"409",2017-11-08 01:41:37,810099,809972,810098,5.499,0.34,13072.0782703,9506.59069804,256322.41654334
"410",2017-11-08 01:41:38,809766,809973,810097,0.574,1.329,13065.83456932,9505.12739705,256322.17154334
"411",2017-11-08 01:41:39,810099,810004,810099,0.1,3.66000026,13075.81906956,9501.95349705,256321.70440876
"412",2017-11-08 01:41:40,810099,810000,810099,0.5,2.66000026,13088.25176858,9492.7396968,256286.13400876
"413",2017-11-08 01:41:41,810099,810001,810098,0.026,0.36,13005.06594081,9503.2996978,256284.06286683
"414",2017-11-08 01:41:42,810001,810000,810099,0.5,2.66000026,12990.50186858,9502.9596978,256276.19734003
"415",2017-11-08 01:41:43,810099,810001,810099,0.026,2.62000026,13057.08946834,9498.66969755,256274.25853883
"416",2017-11-08 01:41:44,809733,809733,809880,0.60000024,0.1,13038.20986858,9500.17019875,256272.15633939
"417",2017-11-08 01:41:45,809772,809733,809880,0.60000024,0.1,13024.79356907,9489.39019775,256271.85633939
"418",2017-11-08 01:41:46,810097,809773,810097,0.5452,0.425,13040.29976931,9489.24369751,256271.99833939
"419",2017-11-08 01:41:47,809720,809733,810050,1.20000049,0.05,13031.95266956,9496.56689775,256279.36513918
"420",2017-11-08 01:41:48,809561,809561,809720,0.72240171,5,12981.39387005,9498.2437975,256284.11853543
"421",2017-11-08 01:41:49,809775,809775,809790,0.145,0.1,13061.09988043,9515.6578926,256290.42253592
"422",2017-11-08 01:41:50,809563,809564,809790,0.41,0.2,13038.93698141,9517.90934762,256287.02553592
"423",2017-11-08 01:41:51,809563,809562,809790,6.099,0.2,13080.86758043,9508.20334663,256285.74953687
"424",2017-11-08 01:41:52,809790,809721,809865,0.60000049,0.005,13080.9072819,9518.46664737,256285.83077298
"425",2017-11-08 01:41:56,809870,809677,810050,6.099,0.02,12854.17207969,9505.9965286,256275.44647196
"426",2017-11-08 01:41:57,809870,809799,810050,0.3,0.02,12849.90628043,9503.41578686,256273.44647196
"427",2017-11-08 01:41:58,809799,809799,810050,0.295,0.02,12852.60128067,9518.57579009,256260.35247196
"428",2017-11-08 01:41:59,810049,809800,810049,0.832,6.99820004,12843.68175242,9529.04324846,256256.46335768
"429",2017-11-08 01:42:00,809676,809914,810048,0.1,0.77,12879.18175388,9528.7237487,256257.16425768
"430",2017-11-08 01:42:01,809676,809676,809934,2.4827,0.2,12874.03785241,9538.9031487,256245.89977669
"431",2017-11-08 01:42:02,810096,810096,810098,1.40179996,0.29820024,12868.24345311,9523.17994641,256254.47797673
"432",2017-11-08 01:42:03,809914,809914,809934,0.068,0.1,12879.24815364,9515.22994938,256256.07679472
"433",2017-11-08 01:42:04,809562,809562,809660,9.8324,0.1,12872.20985389,9516.08596639,256257.05379472
"434",2017-11-08 01:42:05,809562,809563,809660,7,0.1,12910.58985413,9512.77686564,256257.03779472
"435",2017-11-08 01:42:06,809563,809795,809815,0.1,0.1,12902.27885339,9514.03076663,256257.51770563
"436",2017-11-08 01:42:07,809677,809677,809815,0.598,0.2,12907.67685461,9520.11816624,256243.34440563
"437",2017-11-08 01:42:08,809815,809601,809815,0.2,0.1,12906.98985461,9516.27456649,256237.17064058
"438",2017-11-08 01:42:09,809815,809795,809815,0.1,0.09850093,12900.41825339,9529.50306667,256223.57213965
"439",2017-11-08 01:42:10,809990,809815,809990,0.1,0.99,12881.60545388,9529.58736742,256211.90213965
"440",2017-11-08 01:42:11,809990,809815,809990,0.1,0.98,12888.60445388,9523.77736667,256208.2211387
"441",2017-11-08 01:42:12,809990,809816,809990,6.9,0.97,12903.71025364,9524.04306717,256203.95737415
"442",2017-11-08 01:42:13,809990,809892,809990,0.1,0.97,12904.40325364,9480.76226717,256201.71499697
"443",2017-11-08 01:42:14,810123,810123,810199,1.21977883,0.002,12900.39723223,9477.62174551,256202.16631791
"444",2017-11-08 01:42:15,810201,810124,810221,7.598,0.1,12897.0120534,9478.64974551,256201.01831649
"445",2017-11-08 01:42:16,810443,810240,810442,0.6495,0.19,12908.53818267,9462.63432331,256198.71564608
"446",2017-11-08 01:42:17,810624,810241,810624,0.498,1.76124969,12907.69918203,9475.40432306,256192.97436983
"447",2017-11-08 01:42:18,810588,810588,810623,1.5506,0.2,12908.83228203,9485.93532306,256191.12433936
"448",2017-11-08 01:42:19,810624,810624,810728,0.031,0.1676,12897.39868154,9482.81892454,256184.27565887
"449",2017-11-08 01:42:20,810904,810623,810904,0.0656,0.8541,12893.29428104,9506.54696345,256182.43802369
"450",2017-11-08 01:42:21,810904,810423,810904,7,0.6685,12903.69218245,9512.53136469,256168.98007256
"451",2017-11-08 01:42:22,810904,810754,810774,0.1,0.1,12906.17938245,9511.87246395,256159.34317245
"452",2017-11-08 01:42:23,810774,810754,810774,0.1,0.09,12919.86338245,9497.17846395,256160.04946203
"453",2017-11-08 01:42:24,810754,810589,810623,7,0.0656,12893.55048025,9476.40446296,256164.23758608
"454",2017-11-08 01:42:25,810774,810589,810739,7.108,0.01,12910.69048098,9465.38586197,256164.70051681
"455",2017-11-08 01:42:26,810589,810589,810774,7.089,0.09,12909.02718148,9460.33686222,256167.07891779
"456",2017-11-08 01:42:27,810902,810590,810902,0.6,0.07,12903.23428172,9458.87486222,256160.64711779
"457",2017-11-08 01:42:28,810754,810754,810774,0.01,0.1,12907.73518098,9454.21286222,256152.98511779
"458",2017-11-08 01:42:29,810589,810588,810589,5,0.3297,12901.49718108,9462.91256172,256154.61911779
"459",2017-11-08 01:42:30,810588,810591,810623,7,1.2843,12907.10418108,9485.37716222,256154.91111779
"460",2017-11-08 01:42:31,810754,810754,810998,0.09850013,0.6283,12901.76818145,9485.17716296,256154.06256068
"461",2017-11-08 01:42:32,810689,810588,810622,2.62900013,6.9,12892.17118219,9486.28716197,256156.76240068
"462",2017-11-08 01:42:33,810622,810588,810622,2.08340013,6.89,12882.45758219,9497.98116247,256153.67800815
"463",2017-11-08 01:42:34,810588,810588,810621,1.58340013,0.23,12889.60058219,9480.95516197,256152.72620909
"464",2017-11-08 01:42:35,810532,810532,810620,0.04,6.99,12892.85718206,9488.98516197,256152.89620909
"465",2017-11-08 01:42:36,809893,809894,810552,0.28,0.095,12878.19018083,9476.26216271,256155.39971012
"466",2017-11-08 01:42:37,810331,809894,809913,4.08300049,0.1,12881.76498132,9480.65986296,256150.38971012
"467",2017-11-08 01:42:38,810171,809913,809993,0.68282,0.006,12883.5487023,9481.89196321,256150.64205012
"468",2017-11-08 01:42:39,810330,809913,810351,0.56482,0.1,12878.29730035,9483.59526351,256150.47005012
"469",2017-11-08 01:42:40,810351,809913,810351,0.56482,0.08,12881.95039961,9484.17526351,256150.42005012
"470",2017-11-08 01:42:41,810351,809918,810351,0.005,0.07,12883.9403,9484.75726203,256149.03005012
"471",2017-11-08 01:42:42,810351,809918,810351,0.005,0.07,12902.07010168,9484.78926181,256134.03005012
"472",2017-11-08 01:42:43,810351,809918,810350,0.005,0.108,12893.84009898,9484.48726181,256134.03005012
"473",2017-11-08 01:42:44,810351,809917,810350,3.06340074,0.1494,12888.53889948,9484.01866191,256129.63004769
"474",2017-11-08 01:42:45,809895,809895,809914,4.9970207,0.5,12884.36589948,9485.20626181,256121.03004525
"475",2017-11-08 01:42:46,809914,809914,810349,1.90329902,0.9213,12887.6461985,9484.91956181,256118.29434525
"476",2017-11-08 01:42:47,809914,809914,810348,0.43209902,0.6,12888.1529985,9484.22926131,256119.56754453
"477",2017-11-08 01:42:53,809868,809868,809895,1,0.2611,12894.28438164,9540.51956295,256114.76912809
"478",2017-11-08 01:42:54,809895,809868,809895,1,0.2511,12894.5243809,9538.10956245,256114.77912809
"479",2017-11-08 01:42:55,809868,809869,809912,0.76,7.09,12886.95628114,9540.1804644,256115.13622809
"480",2017-11-08 01:42:56,809869,809868,809912,0.6429,7.075,12889.15405808,9538.4224644,256115.15772346
"481",2017-11-08 01:42:57,809869,809868,809869,0.6429,0.1311,12883.35705881,9538.5835644,256115.15860445
"482",2017-11-08 01:42:58,809912,809868,809912,0.6429,7.065,12881.37075685,9537.84246365,256115.16860445
"483",2017-11-08 01:42:59,809912,809868,809912,0.6429,7.065,12876.52285636,9538.00986365,256111.40860445
"484",2017-11-08 01:43:00,809868,809868,809912,0.5097,7.065,12872.61085612,9540.97986316,256102.92181939
"485",2017-11-08 01:43:01,809795,809795,809867,0.194,7,12886.38985784,9548.16696266,256085.50151939
"486",2017-11-08 01:43:02,809795,809795,809806,0.19,0.01,12891.24645784,9550.38846291,256085.50551939
"487",2017-11-08 01:43:03,809795,809710,809806,1.7518,0.01,12894.15815764,9550.53636092,256075.68451939
"488",2017-11-08 01:43:04,809711,809711,809868,0.18,0.5,12889.4964574,9519.83376129,256076.78451939
"489",2017-11-08 01:43:05,809990,809867,809990,1.2089,0.61,12875.55335617,9529.16376302,256080.75151939
"490",2017-11-08 01:43:06,809990,809711,809990,1.20000098,0.61,12870.90667948,9528.83376277,256080.75151939
"491",2017-11-08 01:43:07,809990,809790,809989,0.006,0.60000075,12880.4764574,9529.97456382,256053.75151939
"492",2017-11-08 01:43:08,809712,809711,809985,1.25000098,0.005,12873.8704574,9528.36956382,256030.99952001
"493",2017-11-08 01:43:09,809713,809875,809984,0.01,7,12869.08045691,9534.26076307,256013.15052001
"494",2017-11-08 01:43:10,809983,809875,809983,0.01,0.4668,12872.79495593,9536.76996283,255999.50371905
"495",2017-11-08 01:43:11,809983,809875,809879,0.01,0.05,12878.08825666,9528.09036505,255996.71524263
"496",2017-11-08 01:43:12,809983,809875,809878,0.01,7,12848.61547997,9538.49296555,255972.33633262
"497",2017-11-08 01:43:13,809875,809867,809878,0.00179906,6.72,12850.97865645,9537.0129653,255959.48835441
"498",2017-11-08 01:43:14,809795,809795,810000,0.60179906,8.23680076,12860.10955645,9531.21456537,255942.82685431
"499",2017-11-08 01:43:18,809999,809934,809999,0.011,4.37522561,12867.24945641,9531.3108898,255916.62145648
"500",2017-11-08 01:43:19,809999,809934,809999,0.011,4.37522561,12867.24945641,9531.3108898,255916.62145648
"501",2017-11-08 01:43:20,809934,809819,809900,0.6,1.35859829,12863.98945739,9537.46948933,255901.11095691
"502",2017-11-08 01:43:21,809999,809819,809998,0.6,7,12876.18345714,9539.16566468,255901.45945691
"503",2017-11-08 01:43:22,809999,809821,809998,0.6,7,12887.20695763,9544.39096468,255899.35565648
"504",2017-11-08 01:43:23,809821,809983,809998,0.00479884,7,12884.10675672,9553.18733445,255898.85665648
"505",2017-11-08 01:43:24,809821,809983,809998,0.00479884,7,12869.70675549,9546.07433116,255898.84288099
"506",2017-11-08 01:43:25,809821,809821,809993,1.197,7,12868.45945665,9556.28184597,255879.48488059
"507",2017-11-08 01:43:26,809993,809821,809993,1.197,5.8805,12879.25945641,9547.11934721,255874.89938059
"508",2017-11-08 01:43:27,809993,809819,809995,0.597,1,12879.8594569,9547.77366054,255875.55280024
"509",2017-11-08 01:43:28,809993,809819,809995,1.197,1,12878.5234569,9536.72176079,255860.54180024
"510",2017-11-08 01:43:29,809995,809822,809995,0.2828,0.5,12864.40725592,9522.03166154,255860.99180024
"511",2017-11-08 01:43:30,809823,809822,809995,0.2828,0.45,12860.41425592,9524.43866178,255858.75570659
"512",2017-11-08 01:43:31,809820,809820,809995,0.2864,0.45,12864.75985666,9526.56266177,255854.76370732
"513",2017-11-08 01:43:32,809820,809824,809995,0.2869,0.45,12864.76035666,9525.95266177,255851.4637061
"514",2017-11-08 01:43:33,809994,809819,809994,1.197,1.4924,12866.8734569,9527.41506177,255848.06370464
"515",2017-11-08 01:43:34,809994,809819,809993,1.197,1.6924,12868.09645714,9525.72906152,255840.74412754
"516",2017-11-08 01:43:35,809994,809819,809994,1.197,1.6924,12891.27945837,9529.35906178,255837.93845057
"517",2017-11-08 01:43:36,809994,809711,809995,0.05,0.45,12890.67945837,9527.66666178,255838.33845057
"518",2017-11-08 01:43:37,810000,809820,810000,0.3,2.36700076,12891.57945862,9521.44686376,255846.50465057
"519",2017-11-08 01:43:38,810099,809712,810099,0.4263,19.36700076,12886.35575764,9518.41686451,255838.19948076
"520",2017-11-08 01:43:39,810099,809710,810099,0.4268,19.36700076,12880.32325789,9518.41586481,255820.39848076
"521",2017-11-08 01:43:40,810099,809799,810099,0.002,19.36700076,12873.11625814,9513.61586406,255817.66948076
"522",2017-11-08 01:43:47,809988,809995,810019,0.00029999,0.01,12866.84765773,9514.99266387,255789.26313381
"523",2017-11-08 01:43:48,809988,809995,810019,0.00029999,0.01,12866.58375847,9517.26406462,255790.57233994
"524",2017-11-08 01:43:49,809988,809995,810019,0.00029999,0.01,12873.63775822,9515.69266462,255790.49933994
"525",2017-11-08 01:43:50,809900,809900,810096,7.32789999,0.58,12868.69435822,9525.02266586,255789.22173994
"526",2017-11-08 01:43:51,809900,809900,809990,7.32789999,0.8641,12868.97435797,9517.33676414,255789.21173994
"527",2017-11-08 01:43:56,809910,809900,809909,3.84951834,7,12863.98197647,9512.49966335,255742.01731986
"528",2017-11-08 01:43:57,809910,809900,809909,3.84951834,7,12863.98197647,9512.49966335,255741.4173189
"529",2017-11-08 01:43:58,809909,809900,809909,3.84951834,4.6,12863.98197647,9509.95566335,255743.20431794
"530",2017-11-08 01:43:59,809900,809900,809908,3.84851834,0.4,12854.37197506,9509.95566335,255670.39428657
"531",2017-11-08 01:44:00,809900,809900,809908,3.84851834,0.4,12864.97197555,9505.66566211,255655.62035053
"532",2017-11-08 01:44:01,809900,809900,809908,3.84851834,0.4,12864.98297555,9510.46566286,255651.1613515
"533",2017-11-08 01:44:02,809840,809799,809840,0.002,0.3867054,12860.60968095,9518.05236875,255635.36734747
"534",2017-11-08 01:44:03,809840,809799,809840,0.002,0.3867054,12860.60968095,9518.23436801,255630.50527675
"535",2017-11-08 01:44:04,809840,809799,809839,0.002,7.312,12849.82538046,9522.49786751,255617.24482003
"536",2017-11-08 01:44:05,809839,809799,809839,0.002,7.30820114,12860.95778095,9523.04066865,255609.67161865
"537",2017-11-08 01:44:06,809839,809799,809839,0.002,7,12861.90968095,9522.30846751,255607.65161841
"538",2017-11-08 01:44:07,809839,809799,809839,0.002,7,12863.54968095,9528.28966211,255601.75761817
"539",2017-11-08 01:44:08,809839,809799,809839,0.002,7,12863.54968095,9518.65966211,255601.57761817
"540",2017-11-08 01:44:09,809747,809747,809839,1.6023,7,12856.60198046,9533.25966484,255595.76109057
"541",2017-11-08 01:44:10,809747,809746,809839,1.64,7,12854.98708046,9542.22906484,255585.76109057
"542",2017-11-08 01:44:11,809746,809746,809839,1.1932946,5.3497,12854.24037506,9538.20876434,255567.05809597
"543",2017-11-08 01:44:12,809839,809747,809834,1.5897,0.005,12854.83007506,9541.00976484,255566.57629643
"544",2017-11-08 01:44:13,809746,809746,809834,0.7829946,0.005,12851.52647506,9528.67616385,255564.68726643
"545",2017-11-08 01:44:14,809710,809710,809746,1.7829946,7,12849.18947506,9554.24911419,255551.53641643
"546",2017-11-08 01:44:15,809710,809710,809746,1.6729946,7.6179,12857.2313758,9547.9239127,255545.87441547
"547",2017-11-08 01:44:16,809710,809710,809745,0.7026946,0.4,12856.2720758,9546.84001319,255535.81459448
"548",2017-11-08 01:44:17,809710,809710,809745,0.7026946,0.4,12851.47207531,9546.84001319,255524.25789261
"549",2017-11-08 01:44:18,809698,809698,809745,1.7493946,0.4,12849.03207531,9544.25501245,255522.00789189
"550",2017-11-08 01:44:19,809698,809698,809718,1.7493946,0.1,12845.47907359,9558.2953628,255505.48389183
"551",2017-11-08 01:44:20,809698,809698,809709,1.5383946,7,12847.84807506,9566.76613998,255499.63159181
"552",2017-11-08 01:44:21,809698,809698,809708,1.3059946,0.4,12847.63567506,9573.37714008,255490.34399181
"553",2017-11-08 01:44:22,809709,809698,809704,1.3059946,0.005,12849.88567408,9570.28133909,255494.24399181
"554",2017-11-08 01:44:23,809698,809698,809704,1.1859946,0.005,12839.37767531,9567.44573934,255494.08497001
"555",2017-11-08 01:44:24,809698,809698,809704,1.1859946,0.005,12840.88427556,9554.35074033,255493.33397001
"556",2017-11-08 01:44:25,809709,809698,809718,1.1849946,0.1,12839.80857556,9546.21876274,255492.11447026
"557",2017-11-08 01:44:26,809001,809001,809716,1.75023449,0.21877718,12839.51757654,9550.58353992,255495.74423696
"558",2017-11-08 01:44:27,809593,809002,809593,0.25,0.562,12842.63158293,9544.46957651,255495.31623696
"559",2017-11-08 01:44:28,809001,809002,809593,0.22,0.29050073,12842.57158219,9523.57807551,255491.92282553
"560",2017-11-08 01:44:29,809001,809000,809369,7.001,0.1,12830.68258121,9523.66877551,255479.59292371
"561",2017-11-08 01:44:36,809000,809000,809335,5.82190049,0.21877718,12840.38648096,9532.72757749,255459.6455229
"562",2017-11-08 01:44:38,809000,809001,809335,0.28,0.68167718,12843.16648145,9537.31847923,255458.4490229
"563",2017-11-08 01:44:39,809003,809003,809142,0.9762,0.01,12840.90168047,9532.55547701,255458.5620229
"564",2017-11-08 01:44:40,809002,809002,809142,1.3034,0.01,12832.98988047,9534.84667682,255456.2049229
"565",2017-11-08 01:44:41,809334,809000,809335,7.82090049,0.20577718,12839.81448047,9537.66307781,255452.16334099
"566",2017-11-08 01:44:42,809047,809072,809332,0.03,2.40000025,12839.84448047,9544.28599964,255442.3108578
"567",2017-11-08 01:44:43,809047,809072,809332,0.03,0.57387718,12844.79398047,9536.87217706,255434.73653363
"568",2017-11-08 01:44:44,809047,809072,809331,0.03,7.381,12830.39398219,9545.75107781,255430.93173409
"569",2017-11-08 01:44:45,809047,809072,809177,0.63,0.01,12828.70298145,9546.51107682,255430.45173409
"570",2017-11-08 01:44:46,809072,809072,809177,0.18,0.01,12841.90548145,9532.51007607,255415.5177324
"571",2017-11-08 01:44:53,808800,808899,808998,0.04,7,12850.68228169,9559.20817609,255417.2717829
"572",2017-11-08 01:44:54,808800,808800,808998,0.0848,7,12842.03318194,9557.61677609,255417.78966872
"573",2017-11-08 01:44:55,808800,808800,808997,0.0818,1.0983,12834.17248096,9552.94507534,255416.06296872
"574",2017-11-08 01:44:56,808555,808555,808996,10.662,7,12831.74108046,9536.9014124,255419.59972321
"575",2017-11-08 01:44:57,808555,808556,808898,0.22,0.78282,12837.83648046,9537.01093265,255422.59872194
"576",2017-11-08 01:44:58,808898,808854,808897,0.04,0.56,12837.17988046,9538.58055597,255419.48216114
"577",2017-11-08 01:44:59,808898,808854,808896,0.04,7,12837.26547997,9540.14401815,255414.92216114
"578",2017-11-08 01:45:00,808555,808555,808854,8.4804,0.003,12829.86048046,9540.13511815,255414.80316114
"579",2017-11-08 01:45:01,808598,808598,808896,0.001,7.6,12829.75148046,9540.19311785,255414.78616114
"580",2017-11-08 01:45:02,808598,808598,808893,0.001,7,12821.21648096,9510.65355567,255409.18616114
"581",2017-11-08 01:45:03,808555,808555,808892,1.4053,0.6,12806.93078072,9527.32015519,255416.86626062
"582",2017-11-08 01:45:04,808556,808556,808892,0.01156218,1.262,12856.98284241,9509.19745594,255415.71426062
"583",2017-11-08 01:45:05,808160,808160,808891,31.13946267,0.54,12897.7951429,9527.5217948,255420.85496013
"584",2017-11-08 01:45:06,808161,808161,808449,1.076,0.004,12860.74134363,9518.57513185,255420.2589594
"585",2017-11-08 01:45:07,808160,808160,808444,30.04786267,1.39280076,12849.30184437,9529.05433276,255421.97875839
"586",2017-11-08 01:45:08,808163,808305,808444,0.04,1.39280076,12860.72584461,9512.26489518,255420.39875839
"587",2017-11-08 01:45:09,808160,808160,808442,25.06786267,7,12859.6448456,9514.10679518,255419.09975839
"588",2017-11-08 01:45:10,808160,808160,808441,23.50596267,0.6,12858.3829456,9507.99941849,255411.50665572
"589",2017-11-08 01:45:11,808160,808160,808442,16.98596267,5.251,12851.3829456,9494.06561762,255408.55665572
"590",2017-11-08 01:45:12,808160,808160,808275,16.66596267,0.01,12831.68894462,9501.63141812,255403.27165475
"591",2017-11-08 01:45:13,808275,808301,808441,0.03,0.5688,12841.52764462,9503.9156185,255389.29475475
"592",2017-11-08 01:45:14,808160,808160,808441,14.78596267,0.5688,12835.80794438,9504.5708185,255392.29625475
"593",2017-11-08 01:45:15,808160,808160,808500,8.92596267,0.01,12834.6833429,9502.124718,255393.54092493
"594",2017-11-08 01:45:16,808170,808161,808170,1.7161,0.06,12834.48664313,9502.1347185,255396.16842546
"595",2017-11-08 01:45:17,808160,808160,808200,6.04926191,0.037,12832.38664313,9501.2717185,255397.51372546
"596",2017-11-08 01:45:20,808160,808160,808200,2.81996191,0.02220066,12828.76234411,9507.7689199,255398.07256481
"597",2017-11-08 01:45:21,808437,808160,808437,2.81996191,0.49220066,12835.75934534,9510.7089204,255398.20256481
"598",2017-11-08 01:45:22,808155,808155,808199,9.81996191,7.8,12824.76034386,9520.5889204,255406.45253981
"599",2017-11-08 01:45:23,808199,808046,808160,22.35246274,0.127,12808.27634313,9526.41972014,255415.09799286
"600",2017-11-08 01:45:24,808199,808178,808199,0.01,7.68500102,12813.56494313,9526.72432039,255414.08008351
