"","time","lst","best_bid","best_ask","best_bid_size","best_ask_size","total_bid_depth","total_ask_depth","volume"
"1",2017-11-08 02:28:37,807984,807691,807984,0.1,3.3775,13183.05561472,9723.52920794,249811.67963402
"2",2017-11-08 02:28:38,807984,807696,807984,0.005,2.0689,13170.7086135,9722.22060794,249812.97573402
"3",2017-11-08 02:28:39,807862,807696,807862,0.005,0.00820024,13181.4525135,9720.74191052,249815.46753378
"4",2017-11-08 02:28:40,807693,807693,807862,0.555,0.00820024,13179.3602135,9720.00071052,249815.48823599
"5",2017-11-08 02:28:41,807550,807551,807862,0.6,0.00820024,13176.99481375,9720.13151052,249813.78823599
"6",2017-11-08 02:28:42,807550,807552,807862,0.666,0.00820024,13176.92231375,9710.90100829,249813.69873599
"7",2017-11-08 02:28:43,807550,807556,807862,0.005,0.00820024,13174.82231305,9720.76321471,249813.11173599
"8",2017-11-08 02:28:44,807550,807556,807862,0.005,0.00820024,13179.05631329,9720.76221497,249812.62933599
"9",2017-11-08 02:28:45,808000,808000,808004,8.48349586,0.00205,13187.26520964,9714.74571083,249813.85584014
"10",2017-11-08 02:28:46,808000,808000,808004,8.48349586,0.00205,13186.56280939,9714.74347058,249813.84724199
"11",2017-11-08 02:28:47,808050,808000,808050,8.48349586,4.35165004,13186.20880949,9714.46657062,249813.42664319
"12",2017-11-08 02:28:48,808000,808021,808050,3,4.33165004,13189.79789366,9712.44656814,249812.95663974
"13",2017-11-08 02:28:49,808000,808021,808050,3,4.33165004,13175.69789293,9712.44656814,249811.42831291
"14",2017-11-08 02:28:50,808050,808034,808050,0.308,2.33747397,13192.37599341,9710.45239207,249813.27821291
"15",2017-11-08 02:28:51,808034,808034,808050,0.29,1.53297397,13190.68789292,9722.59889207,249802.94631291
"16",2017-11-08 02:28:52,808034,808034,808050,0.289,0.83297397,13150.80439706,9740.95999282,249790.93531439
"17",2017-11-08 02:28:53,808050,808050,808486,0.1427,0.0934,13132.39909706,9711.89529282,249784.25333689
"18",2017-11-08 02:28:54,808383,808178,808383,0.03,1.2597,13134.20359625,9707.07499306,249785.05313648
"19",2017-11-08 02:28:55,808599,808213,808599,0.03,1.3197,13138.6176965,9717.83499381,249784.38413797
"20",2017-11-08 02:28:56,808599,808249,808614,3,0.22,13145.73039805,9716.76529381,249780.93763773
"21",2017-11-08 02:28:57,808249,808249,808303,2.999,0.00199928,13136.67139781,9713.14398736,249781.27483751
"22",2017-11-08 02:28:58,808249,808250,808303,0.703,0.00199928,13131.63739869,9711.16048785,249774.95323823
"23",2017-11-08 02:28:59,808249,808250,808303,0.703,0.00199928,13131.63739869,9711.16048785,249774.35323823
"24",2017-11-08 02:29:00,808451,808433,808451,0.1423,0.02446688,13139.34811699,9366.67025048,249795.94917085
"25",2017-11-08 02:29:01,808451,808250,808451,0.44,0.02046688,13133.82781526,9366.63725078,249800.47167089
"26",2017-11-08 02:29:02,808564,808564,808999,0.23653414,2.7052005,13151.67035121,9366.6584839,249801.43803602
"27",2017-11-08 02:29:03,808625,808625,808791,0.0204,0.005,13144.60261584,9368.61138304,249801.11214469
"28",2017-11-08 02:29:04,808652,808597,808652,3,0.008,13144.07981584,9348.31938304,249812.09414469
"29",2017-11-08 02:29:05,808652,808597,808621,3,0.04,13144.61901633,9358.68838428,249783.7489966
"30",2017-11-08 02:29:06,808599,808772,808996,5,0.747,13159.04501682,9359.77698428,249782.9849966
"31",2017-11-08 02:29:07,808772,808772,808998,4.90460705,1.14700099,13159.76542387,9364.57738553,249771.99238955
"32",2017-11-08 02:29:08,809130,808998,809130,1.0141,9.20567488,13155.02652362,9359.10838629,249781.33007765
"33",2017-11-08 02:29:09,808998,808998,809130,0.0041,8.20567488,13142.65991657,9358.49838604,249783.33807765
"34",2017-11-08 02:29:10,809130,808602,809130,0.005,7.88567488,13139.97281681,9358.05838654,249783.38807765
"35",2017-11-08 02:29:11,809130,808602,809130,0.00020076,0.19787488,13128.33121782,9369.36178729,249789.85117689
"36",2017-11-08 02:29:12,809219,809130,809219,0.1188,0.167,13135.98601684,9360.39278679,249764.09417689
"37",2017-11-08 02:29:13,809333,809250,809333,0.088,6.00637538,13136.78121684,9359.02878679,249765.92157689
"38",2017-11-08 02:29:14,809250,809250,809332,0.047,0.01,13135.79201584,9370.76878679,249766.9241553
"39",2017-11-08 02:29:15,809129,809129,809174,0.049,0.003,13124.98351608,9375.20778779,249767.6971553
"40",2017-11-08 02:29:16,809333,809331,809332,0.1694,0.01,13133.04091632,9377.16378902,249769.5435553
"41",2017-11-08 02:29:17,808707,808707,809332,0.355,0.27,13124.20551632,9385.08278902,249766.9029553
"42",2017-11-08 02:29:18,809548,808929,809520,0.005,5,13139.45991684,9389.04778853,249768.12741918
"43",2017-11-08 02:29:19,809548,808929,809019,0.005,0.04,13132.90211636,9377.36941264,249734.96741918
"44",2017-11-08 02:29:20,809549,808929,809000,0.004,0.2,13136.385115,9360.75441209,249691.27034243
"45",2017-11-08 02:29:21,808929,808800,808907,0.02,0.002,13135.56111476,9365.93641209,249680.99278982
"46",2017-11-08 02:29:22,809619,809019,809322,0.04,1.5694,13133.11615942,9359.75865954,249673.35113991
"47",2017-11-08 02:29:23,809322,808929,809184,3,0.01,13135.55945893,9359.00505954,249666.61436538
"48",2017-11-08 02:29:24,808929,808929,809811,2.979,9.74540099,13136.21045844,9326.63505954,249670.62047356
"49",2017-11-08 02:29:25,809999,808959,810200,2,1.60040249,13136.62085834,9286.24156029,249710.40307511
"50",2017-11-08 02:29:26,809647,808959,809250,2,0.00719925,13147.59415908,9277.90706103,249711.65587556
"51",2017-11-08 02:29:27,809672,809672,809996,2.51180075,5,13154.44745983,9294.72126203,249701.60607133
"52",2017-11-08 02:29:28,809672,809673,809996,0.6,5,13146.28625959,9299.69536203,249694.45107128
"53",2017-11-08 02:29:29,810199,809673,809809,0.6,0.01,13154.01125959,9304.04316377,249697.26001128
"54",2017-11-08 02:29:30,809995,809817,809995,0.01,1.91,13159.17265983,9312.12336153,249658.61551446
"55",2017-11-08 02:29:31,810199,809674,810199,1.3716,3.64,13165.24286057,9300.51836156,249647.34460127
"56",2017-11-08 02:29:32,809672,809672,810198,11.43180075,0.8711,13171.81026131,9303.09946206,249630.4835503
"57",2017-11-08 02:29:33,809672,809674,810198,0.6,0.3611,13163.12746143,9306.58946178,249618.80570667
"58",2017-11-08 02:29:34,809672,809674,810196,2.0103,0.3,13153.38776143,9271.62776206,249581.80778223
"59",2017-11-08 02:29:35,809680,809680,810168,0.199,0.5,13144.68016118,9274.81426107,249569.25428188
"60",2017-11-08 02:29:36,809680,809681,810168,1.367,0.5,13145.02141118,9280.23036132,249566.03878188
"61",2017-11-08 02:29:37,809681,809681,810198,0.883,0.509,13143.92041118,9277.23936132,249571.42764683
"62",2017-11-08 02:29:38,809924,809924,810167,0.124,1.2354,13145.71236167,9278.37476156,249559.1656005
"63",2017-11-08 02:29:39,810167,809924,810167,0.124,0.7294,13142.71236142,9277.29876081,249559.44962052
"64",2017-11-08 02:29:40,810167,809924,810167,0.124,0.7294,13139.90655969,9277.29876081,249541.46937147
"65",2017-11-08 02:29:41,810198,810198,810199,0.99750126,7.0084,13133.27006193,9270.64876081,249517.87817021
"66",2017-11-08 02:29:42,810198,810167,810199,0.7294,7.0084,13138.61696067,9274.84876229,249512.54946976
"67",2017-11-08 02:29:43,810199,809924,810199,0.124,0.7631,13139.02756067,9269.22046251,249488.30275034
"68",2017-11-08 02:29:44,810580,810500,810580,26.85810192,32.0539,13165.88566259,9224.37956469,249530.71664842
"69",2017-11-08 02:29:45,810580,810500,810580,26.76310192,31.7739,13151.31116112,9215.72956494,249524.79454736
"70",2017-11-08 02:29:46,810637,810590,810637,5,0.0669,13149.99803458,9179.67266271,249521.44598142
"71",2017-11-08 02:29:47,810998,810800,810998,1.5811,14.17170099,13151.72573458,9179.79476271,249518.10686745
"72",2017-11-08 02:29:48,810999,810800,810999,1.5751,52.79200074,13229.06773458,9148.81506296,249543.80722376
"73",2017-11-08 02:29:49,810999,810998,810999,0.8344,45.36450074,13231.16003468,9146.36356395,249550.61546972
"74",2017-11-08 02:29:50,810999,810998,810999,0.8204,11.95730099,13231.45603296,9107.85736349,249578.33666947
"75",2017-11-08 02:29:51,810998,810951,810998,6,0.54000025,13243.82563321,9116.50136448,249577.03366947
"76",2017-11-08 02:29:52,810951,810951,810997,7.999,0.05,13247.69463419,9114.07596498,249578.57984999
"77",2017-11-08 02:29:53,810999,810999,811000,1.20050032,0.55690174,13164.02503308,9107.30396444,249575.29684629
"78",2017-11-08 02:29:54,811002,810999,811008,1,0.2,13155.42453325,9106.2537627,249576.02027203
"79",2017-11-08 02:29:55,810999,810999,811050,1.065,41.75940174,13132.91823325,9108.32716444,249552.57095556
"80",2017-11-08 02:29:56,811000,811000,811050,0.20200083,0.0015,13143.85443285,9085.61786196,249551.31492617
"81",2017-11-08 02:29:57,811000,811000,811050,0.20200083,0.0015,13109.78343187,9092.40106221,249551.28492617
"82",2017-11-08 02:29:58,811121,811099,811207,0.2229,0.4,13096.17143104,9073.85096221,249539.41357451
"83",2017-11-08 02:29:59,811207,811002,811207,0.6,0.5,13113.31222996,9058.42596221,249534.78357353
"84",2017-11-08 02:30:00,811212,811003,811206,0.082,0.1593,13130.13503045,9100.67796221,249531.12927255
"85",2017-11-08 02:30:01,810590,810590,811079,3.42990049,0.01,13022.5978751,9078.38416221,249536.7492723
"86",2017-11-08 02:30:02,811230,811138,811230,0.02,1.8797,13019.18447984,9068.19761426,249536.07590426
"87",2017-11-08 02:30:03,811004,811004,811387,0.08840104,1.97,13000.06268088,9075.40351895,249536.82770322
"88",2017-11-08 02:30:04,811002,811011,811271,0.082,2.4,12974.90627945,9068.75791895,249538.00770322
"89",2017-11-08 02:30:05,811271,811230,811271,4,2.2,12904.76547481,9080.25891969,249532.51678296
"90",2017-11-08 02:30:06,811271,811230,811270,3.99,0.64,12909.7750753,9110.51791944,249526.36048299
"91",2017-11-08 02:30:07,811230,811230,811270,3.98883243,0.14,12919.65390773,9119.68691969,249526.15493336
"92",2017-11-08 02:30:08,811234,811234,811271,0.099,1.1663,12925.71260773,9078.36621846,249531.09073336
"93",2017-11-08 02:30:09,810592,810592,811387,0.34683243,0.9663,12857.16260773,9056.27621673,249544.94329897
"94",2017-11-08 02:30:10,810593,810593,811310,0.279,0.04,12825.39700944,9085.32951747,249542.99727147
"95",2017-11-08 02:30:11,810594,810594,811310,0.13570018,0.04,12963.92737573,9086.12951722,249543.10157129
"96",2017-11-08 02:30:12,811320,811320,811385,0.454,0.26,12977.91127719,9095.95821747,249543.41544521
"97",2017-11-08 02:30:13,811116,811116,811259,0.85,0.8924,12988.71157701,9096.96661747,249541.54947521
"98",2017-11-08 02:30:14,810596,810596,810760,0.179,0.1,13005.12997701,9121.42519782,249568.24782521
"99",2017-11-08 02:30:15,811250,810708,811249,0.519,0.082,13041.14955732,9116.6271998,249569.92482521
"100",2017-11-08 02:30:16,811046,811004,811046,2,0.03,13050.06917902,9112.76769881,249569.12399487
"101",2017-11-08 02:30:17,811250,811005,811249,0.6,1.446,13042.09346458,9128.37319881,249560.95223256
"102",2017-11-08 02:30:18,811004,811005,811200,0.3,2,13038.97356434,9134.67519832,249560.95223256
"103",2017-11-08 02:30:19,811005,811006,811102,0.6,0.01,13024.52308827,9130.84719857,249557.95323256
"104",2017-11-08 02:30:20,811004,811005,811102,0.6,0.01,13022.88378876,9124.97319857,249558.68137549
"105",2017-11-08 02:30:21,811015,811015,811102,0.077,0.01,13025.52738974,9117.98519857,249536.99837549
"106",2017-11-08 02:30:22,811015,811005,811015,0.6,2.924,13029.90138974,9140.25179882,249515.19947549
"107",2017-11-08 02:30:23,811005,811005,811014,0.599,1.2,13030.05608974,9135.0487998,249512.16167549
"108",2017-11-08 02:30:24,811014,811004,811014,0.448,1.19280035,13036.90708939,9134.96500043,249511.48187514
"109",2017-11-08 02:30:25,810831,810831,810934,0.435,1,13038.22308914,9134.22879937,249513.46387514
"110",2017-11-08 02:30:26,810832,810200,810832,9.46249993,0.6831,13033.49108907,9127.18859778,249517.35332521
"111",2017-11-08 02:30:27,810201,810201,810831,0.749,1.1514,13060.63008907,9107.74869684,249514.23298361
"112",2017-11-08 02:30:28,810516,810202,810831,1.64000074,3.3514,13036.97008817,9109.38239758,249508.43691361
"113",2017-11-08 02:30:29,810202,810202,810826,6.55930073,0.005,13041.58488816,9102.22739684,249510.33791361
"114",2017-11-08 02:30:30,810541,810541,810826,0.009,0.005,13050.0718888,9116.40739734,249510.14131361
"115",2017-11-08 02:30:31,810800,810800,810826,0.019,0.005,13048.74648954,9116.73790748,249500.96801361
"116",2017-11-08 02:30:32,809520,809520,810826,10.46040646,0.005,13024.04748963,9109.10231748,249525.82123742
"117",2017-11-08 02:30:33,810203,810203,810420,0.05,0.17753747,13025.97773656,9109.53237213,249526.02063742
"118",2017-11-08 02:30:34,810203,810246,810420,0.09998001,0.17753747,13029.56171642,9112.7602734,249530.04063742
"119",2017-11-08 02:30:35,810105,810105,810420,5.999,0.17033752,13034.93733691,9109.3652735,249530.63442957
"120",2017-11-08 02:30:36,810420,810420,810450,2.21966248,0.02,13030.09332396,9119.82355063,249530.82469709
"121",2017-11-08 02:30:37,810105,810105,810420,0.38,3,13026.27732396,9122.70355063,249535.05669709
"122",2017-11-08 02:30:38,810203,810203,810304,0.59900024,0.494,13028.44861992,9125.49189998,249533.8118771
"123",2017-11-08 02:30:39,810005,810005,810105,0.005,0.4742,13030.30041919,9120.21209973,249530.1282771
"124",2017-11-08 02:30:40,810025,809602,810000,1.4627,0.3483,13040.86311968,9126.28619875,249530.4599271
"125",2017-11-08 02:30:41,809602,809602,810000,1.1607,27.3443,13031.11111919,9141.44219776,249525.1695071
"126",2017-11-08 02:30:42,809999,809603,809999,0.3922,1.181,13031.70331919,9151.15500864,249514.9394071
"127",2017-11-08 02:30:43,809602,809602,809999,1.106,1.181,13024.30641919,9151.52650771,249506.6931071
"128",2017-11-08 02:30:44,809603,809603,809998,0.379,0.5999,13046.02441943,9153.38900771,249486.8141071
"129",2017-11-08 02:30:45,809602,809602,809998,1.2902,0.5999,13051.05062065,9144.78900796,249481.12121369
"130",2017-11-08 02:30:46,809601,809601,809998,0.02,0.5999,13053.30392139,9133.72000598,249480.94205246
"131",2017-11-08 02:30:47,809825,809825,809998,0.009,0.5999,13052.87192139,9138.24400623,249480.94205246
"132",2017-11-08 02:30:48,809601,809601,809999,1.3278,0.7809,13041.83581493,9137.47300623,249482.63605246
"133",2017-11-08 02:30:49,809602,809631,810000,0.01,29.1885,13040.93381395,9134.68130623,249478.0030675
"134",2017-11-08 02:30:50,809631,809631,809990,0.009,5,13034.80111321,9116.94110623,249478.0030175
"135",2017-11-08 02:30:51,809631,809631,809989,0.008,0.1721,13031.63001371,9121.07670623,249478.6020175
"136",2017-11-08 02:30:52,809990,809631,809990,0.008,4.0721,13033.95581371,9124.17670648,249479.09521834
"137",2017-11-08 02:30:53,809988,809631,809988,0.008,0.0905,13034.15581371,9123.88720697,249479.24191834
"138",2017-11-08 02:30:54,809988,809631,809989,0.008,2.49550025,13009.51681322,9122.98620722,249478.04151132
"139",2017-11-08 02:30:55,809600,809600,809989,0.3808,1.20000025,13006.75295971,9123.68670722,249479.39159059
"140",2017-11-08 02:30:56,809601,809601,809988,0.299,0.92370035,13008.25196069,9121.42255357,249475.27202132
"141",2017-11-08 02:30:57,809601,809600,809987,0.3808,0.60000099,13021.70666019,9120.69465381,249473.17302132
"142",2017-11-08 02:30:58,809600,809600,809924,0.3798,0.029,13033.84466019,9122.82365431,249466.17279131
"143",2017-11-08 02:30:59,809600,809600,809986,0.3798,1.58890035,13033.1246597,9125.62515382,249465.9763046
"144",2017-11-08 02:31:00,809985,809699,809985,0.36,0.1652,13031.8011597,9120.96845297,249464.36530435
"145",2017-11-08 02:31:01,809699,809753,809985,0.0403,1.08890035,13033.0636597,9109.68215282,249462.36630435
"146",2017-11-08 02:31:02,809940,809699,809940,0.359,0.009,13032.9033597,9111.14645297,249457.66625337
"147",2017-11-08 02:31:03,809600,809551,809600,1.5927,1.5622,13032.2145097,9109.89365257,249459.50505288
"148",2017-11-08 02:31:04,809600,809551,809600,1.5927,1.5622,13035.6875097,9113.22765578,249459.39505288
"149",2017-11-08 02:31:05,809450,809450,809599,0.015,0.3355,13032.11650995,9110.84165578,249459.78598288
"150",2017-11-08 02:31:06,809599,809479,809599,0.0403,0.3305,13020.32910946,9117.93665603,249458.29018392
"151",2017-11-08 02:31:07,809599,809451,809599,1.4766,0.299,13022.33040946,9113.54345603,249453.79291288
"152",2017-11-08 02:31:08,809599,809388,809599,1,0.299,13004.69840897,9112.93515603,249449.22486633
"153",2017-11-08 02:31:09,809390,809390,809598,1.7821,0.37069834,13014.09050921,9111.22115081,249447.96696799
"154",2017-11-08 02:31:10,809391,809391,809551,1.2726,0.51,13011.89700921,9103.19715106,249448.11796799
"155",2017-11-08 02:31:11,809388,809388,809551,1.055,0.01,13016.5788255,9111.42885191,249449.51296799
"156",2017-11-08 02:31:12,809388,809388,809551,1.054,0.01,13015.2018255,9113.8288534,249439.51396799
"157",2017-11-08 02:31:13,809392,809388,809551,1.054,0.01,13004.30997364,9121.04066704,249438.26184799
"158",2017-11-08 02:31:14,809551,809500,809551,0.006,0.00820094,13023.76277562,9126.79826798,249428.37364705
"159",2017-11-08 02:31:15,809388,809201,809298,1.2857,0.1400005,13027.43847734,9134.44926823,249403.64076607
"160",2017-11-08 02:31:16,809393,809393,809500,0.109,0.01,13042.16037783,9121.56896698,249401.57576657
"161",2017-11-08 02:31:17,809393,809393,809500,0.008,0.009,13035.60047832,9119.2760645,249401.67776657
"162",2017-11-08 02:31:18,809389,809201,809299,1.3004,0.30000075,13044.69416179,9125.72926514,249400.60174658
"163",2017-11-08 02:31:19,809299,809201,809316,1.3004,2.40000075,13022.5145766,9126.76896549,249400.90069733
"164",2017-11-08 02:31:23,809316,809200,809316,1.12,1.90000075,12985.70927487,9127.35876648,249401.39462733
"165",2017-11-08 02:31:25,809990,809390,809589,0.38069965,0.002,13008.32257501,9125.99406538,249388.91850917
"166",2017-11-08 02:31:26,809705,809705,809990,4.878,1.61050193,13081.24817476,9133.25216613,249408.43957917
"167",2017-11-08 02:31:27,808859,808859,808959,0.04,3.75723831,13046.74241356,9139.32640543,249414.22753996
"168",2017-11-08 02:31:28,808959,808809,808959,0.157,3.74603831,13055.57041277,9139.24020569,249414.28173996
"169",2017-11-08 02:31:29,809325,808800,809325,0.015,0.29943981,12991.32951391,9137.60586997,249420.30933846
"170",2017-11-08 02:31:30,809316,809316,809325,0.292,0.29943981,13051.23461357,9050.16577025,249413.44307858
"171",2017-11-08 02:31:31,809207,809207,809250,3.77503831,0.02,13033.28248966,9051.09480773,249416.17807858
"172",2017-11-08 02:31:32,809989,809207,809989,3.76238412,13.91620983,12993.2376349,9041.08957205,249409.96501605
"173",2017-11-08 02:31:33,809989,809395,809988,0.3,0.32,12962.68100826,9040.66557205,249411.60786606
"174",2017-11-08 02:31:34,809396,809396,809451,0.599,0.00149977,12959.02679863,9040.58107181,249407.79986606
"175",2017-11-08 02:31:35,809396,809396,809451,1.1703,0.00149977,12963.67109863,9041.98557181,249405.74986606
"176",2017-11-08 02:31:36,809397,809397,809871,0.598,0.0674,13028.84389071,9067.44527182,249395.89650571
"177",2017-11-08 02:31:39,809398,809699,809808,0.3,0.0674,13031.22801672,9072.33956396,249379.57804176
"178",2017-11-08 02:31:40,809398,809699,809808,0.3,0.0674,13031.22801672,9072.13956396,249379.57804176
"179",2017-11-08 02:31:41,809398,809699,809907,0.3,1.1271,13030.93496672,9070.86001796,249372.40415491
"180",2017-11-08 02:31:42,809700,809700,809907,0.446,1.1191,13034.27146685,9072.05201821,249362.66085478
"181",2017-11-08 02:31:43,809401,809402,809908,0.596,0.59200025,13034.50333447,9073.13191868,249364.09010469
"182",2017-11-08 02:31:44,809895,809403,809699,0.06,0.4945,13034.80193398,9072.44014012,249363.25507469
"183",2017-11-08 02:31:45,809403,809404,809698,0.22041604,0.6,13046.68456173,9063.48013987,249362.71209359
"184",2017-11-08 02:31:46,809403,809404,809895,0.22041604,0.01272177,13051.27577777,9063.37643987,249361.15209359
"185",2017-11-08 02:31:47,809209,809674,809697,0.01,1.0246,13051.04977777,9061.08823863,249361.64966245
"186",2017-11-08 02:31:48,809209,809261,809688,0.0068,0.379,13041.53157655,9063.26723962,249361.32666245
"187",2017-11-08 02:31:49,809672,809672,809688,0.002,0.379,13050.550761,9077.50813987,249356.89729264
"188",2017-11-08 02:31:50,809672,809672,809688,0.002,0.379,13050.91396124,9078.69713987,249359.19729264
"189",2017-11-08 02:31:51,809208,809208,809450,3.00000122,1.003,13043.6179225,9081.84973987,249360.79729264
"190",2017-11-08 02:31:52,809208,809210,809450,0.06,1.003,13041.6847225,9079.44973888,249357.79529264
"191",2017-11-08 02:31:53,809208,809500,809687,2,1.7932,13043.57792152,9071.16893846,249352.78729264
"192",2017-11-08 02:31:54,809207,809207,809700,3.24088412,10,13043.69642251,9084.39673895,249356.41389265
"193",2017-11-08 02:31:55,809207,809208,809500,0.3,0.9256,13053.39642251,9090.72233921,249356.91282265
"194",2017-11-08 02:31:56,809207,809208,809499,0.3,0.6,13052.80042251,9080.92333862,249347.91282265
"195",2017-11-08 02:31:57,809207,809208,809499,0.3,0.6,13108.80042251,9074.92333862,249342.94777265
"196",2017-11-08 02:31:58,809207,809207,809499,2.74088412,0.6,13111.68576198,9071.98283669,249319.94777265
"197",2017-11-08 02:31:59,809207,809208,809499,0.22,0.6,13116.50576197,9074.08283743,249309.74507265
"198",2017-11-08 02:32:00,809207,809207,809499,2.74088412,0.6,13112.62976197,9069.28283594,249303.34457309
"199",2017-11-08 02:32:01,809207,809207,809499,1.83518412,0.6,13110.88506173,9076.17123817,249294.19920309
"200",2017-11-08 02:32:02,809207,809207,809499,1.83518412,0.6,13115.68906197,9123.53623916,249293.19920309
"201",2017-11-08 02:32:03,809207,809207,809498,1.83518412,0.14,13113.01006109,9117.8167406,249293.19920309
"202",2017-11-08 02:32:04,809200,809200,809498,0.85518412,0.3518,13109.33006232,9121.88224159,249291.19920309
"203",2017-11-08 02:32:05,809208,809208,809497,0.295,0.4822,13098.82506085,9116.7126406,249289.75998019
"204",2017-11-08 02:32:06,809209,809209,809440,0.299,0.0674,13099.42606085,9116.80003837,249287.66097971
"205",2017-11-08 02:32:07,809600,809209,809299,0.299,0.01,13100.80576091,9114.44263883,249278.75998623
"206",2017-11-08 02:32:08,809200,809200,809299,0.44918412,0.01,13102.47576017,9112.18643858,249278.91528623
"207",2017-11-08 02:32:09,809200,809200,809299,0.44918412,0.01,13105.11576115,9111.92463858,249278.91528623
"208",2017-11-08 02:32:10,809200,809200,809299,0.44918412,0.01,13103.49706115,9111.92463858,249268.35432722
"209",2017-11-08 02:32:11,809208,809208,809299,0.00450093,0.01,13104.75404604,9116.24533857,249266.65582557
"210",2017-11-08 02:32:12,809208,809208,809299,0.00350093,0.01,13098.51130741,9116.68653857,249259.05682485
"211",2017-11-08 02:32:13,809201,809201,809497,0.21350093,0.572,13099.55200741,9116.66653857,249258.94377485
"212",2017-11-08 02:32:14,809497,809201,809490,0.027,0.1,13098.47410624,9115.40643857,249257.97534514
"213",2017-11-08 02:32:15,809497,809201,809490,0.027,0.1,13110.77410722,9114.80643857,249253.67534514
"214",2017-11-08 02:32:16,809201,809201,809489,0.18520064,0.1178,13102.52970767,9519.97883857,249253.6771445
"215",2017-11-08 02:32:17,809201,809201,809489,0.18520064,0.1178,13112.21060816,9522.44573907,249252.92607426
"216",2017-11-08 02:32:18,809201,809298,809489,0.00199928,0.1178,13101.32430621,9522.73633907,249250.53712452
"217",2017-11-08 02:32:19,809201,809298,809489,0.00199928,0.1178,13114.20430767,9523.53633882,249250.29112452
"218",2017-11-08 02:32:20,809198,809198,809488,0.63538404,1,13115.20330767,9517.53633857,249251.35672452
"219",2017-11-08 02:32:21,809045,809046,809487,1.2443,0.3197,13124.94132339,9546.90703868,249252.70972452
"220",2017-11-08 02:32:22,809487,809052,809487,1,0.0197,13135.88853204,9557.88903917,249252.98772474
"221",2017-11-08 02:32:23,809487,809221,809486,1,0.832,13126.90423155,9561.3306174,249252.96292474
"222",2017-11-08 02:32:24,809221,809221,809488,0.94720034,1,13119.46329086,9558.04561715,249253.0046744
"223",2017-11-08 02:32:25,809221,809221,809488,0.04640034,1,13116.76249037,9568.65961715,249253.3154744
"224",2017-11-08 02:32:26,809221,809221,809435,0.04540034,0.0045,13116.74169037,9557.59410796,249253.3144744
"225",2017-11-08 02:32:27,809435,809221,809487,0.04540034,0.91020099,13118.5516911,9549.26660697,249253.3164744
"226",2017-11-08 02:32:28,809435,809221,809486,0.04540034,0.3092,13122.84169135,9546.22560821,249231.7164744
"227",2017-11-08 02:32:29,809062,809062,809221,0.009,0.00399966,13121.64809101,9536.83190688,249231.11077474
"228",2017-11-08 02:32:30,809052,809052,809488,0.6604,1,13121.2072294,9537.26140723,249231.05937474
"229",2017-11-08 02:32:31,809053,809052,809450,0.6604,1,13127.99233136,9538.57010771,249223.47430474
"230",2017-11-08 02:32:32,809052,809100,809395,2,0.0045,13128.70623136,9531.53820672,249223.36525474
"231",2017-11-08 02:32:33,809052,809100,809395,2,0.0045,13133.5062316,9531.53820672,249223.35725474
"232",2017-11-08 02:32:34,809100,809100,809448,0.998,0.297,13125.50423087,9536.42660771,249223.85725474
"233",2017-11-08 02:32:35,809100,809100,809389,0.996,0.0045,13122.34883141,9552.34310771,249221.74890953
"234",2017-11-08 02:32:36,809100,809100,809399,0.996,0.60000075,13120.15019228,9553.73630846,249220.47850953
"235",2017-11-08 02:32:37,809399,809100,809398,0.996,0.6,13115.35019204,9553.13630771,249213.2926708
"236",2017-11-08 02:32:38,809398,809100,809339,0.996,0.0045,13114.64249204,9542.61950696,249207.56566887
"237",2017-11-08 02:32:39,809339,809101,809339,0.5,0.0025,13140.71509253,9543.11750721,249205.24666791
"238",2017-11-08 02:32:40,809101,809101,809399,0.397,0.70000075,13150.05619253,9531.42920721,249202.79766597
"239",2017-11-08 02:32:41,809101,809101,809398,0.397,0.203,13087.87799229,9530.52220696,249202.44159597
"240",2017-11-08 02:32:42,809053,809053,809100,0.4559,0.00179956,13076.44799204,9533.11650702,249201.26950856
"241",2017-11-08 02:32:43,809053,809054,809100,0.397,0.00179956,13085.96909253,9542.50480777,249196.77950856
"242",2017-11-08 02:32:44,809038,809038,809100,0.39066161,0.00179956,13084.16909253,9546.65800792,249195.73945856
"243",2017-11-08 02:32:45,808683,808683,809052,3.00000122,0.2132,13081.86990578,9546.87120792,249197.07745856
"244",2017-11-08 02:32:46,808683,808750,808950,0.5,0.1,13082.24460554,9548.76918292,249197.42745856
"245",2017-11-08 02:32:47,808692,808692,808950,0.13370098,0.1,13072.27830603,9545.74918293,249198.31175856
"246",2017-11-08 02:32:48,808692,808875,808949,0.01,0.4168,13080.43990603,9543.33028268,249198.30963856
"247",2017-11-08 02:32:49,808948,808750,808948,5.01,0.43852322,13073.09290554,9568.98590422,249199.05228197
"248",2017-11-08 02:32:50,808750,808750,808948,0.02,0.03852322,13087.60290651,9567.38590397,249204.45228197
"249",2017-11-08 02:32:51,808682,808682,808892,3.35670147,0.002,13073.83290676,9573.18790496,249206.40228197
"250",2017-11-08 02:32:52,808949,808751,808949,0.6491,1.57852322,13088.38200798,9566.66690397,249201.42888197
"251",2017-11-08 02:32:53,808949,808846,808948,0.01,0.6614,13087.61430847,9582.28690496,249201.01938197
"252",2017-11-08 02:32:54,808949,808846,808946,0.01,0.6361,13087.10670773,9580.26160496,249200.21831197
"253",2017-11-08 02:32:55,808846,808692,808846,1.1886,0.99,13123.5517691,9579.11450546,249197.45125627
"254",2017-11-08 02:32:56,808693,808693,808846,0.7441,0.98,13113.74826871,9578.41298149,249186.02475627
"255",2017-11-08 02:32:57,808693,808694,808846,0.27,0.98,13092.83416896,9588.98398447,249185.78038627
"256",2017-11-08 02:32:58,808846,808724,808845,0.0333,0.6,13092.31866798,9591.35548374,249184.83468585
"257",2017-11-08 02:32:59,808845,808695,808845,0.8526,0.2,13091.42076872,9590.56848374,249182.12991537
"258",2017-11-08 02:33:00,808845,808696,808845,2.40000074,0.56552322,13096.3207697,9589.14550696,249170.50666825
"259",2017-11-08 02:33:01,808691,808691,808845,4.57286333,0.17852322,13090.63103131,9586.86050547,249142.12196495
"260",2017-11-08 02:33:02,808691,808692,808845,0.8606,0.17852322,13076.71703008,9579.87650274,249140.54696225
"261",2017-11-08 02:33:03,808691,808809,808845,0.01,0.17852322,13065.68303057,9584.70650373,249139.34696225
"262",2017-11-08 02:33:04,808845,808809,808845,0.01,0.16552322,13069.43603033,9584.13760373,249139.40986295
"263",2017-11-08 02:33:05,808846,808697,808846,0.03447678,0.44552248,13076.81700611,9584.82660385,249140.32279369
"264",2017-11-08 02:33:06,808846,808683,808846,1.80086308,0.44552248,13076.32472879,9585.2266031,249140.34817389
"265",2017-11-08 02:33:07,808721,808721,808846,0.0174,0.44552248,13080.77130557,9588.32660459,249138.50217389
"266",2017-11-08 02:33:08,808845,808721,808845,0.0174,1.06252322,13073.5718447,9574.55912732,249137.60412389
"267",2017-11-08 02:33:09,808949,808845,808949,0.4492,0.5080457,13071.40265935,9577.35912831,249134.3213214
"268",2017-11-08 02:33:10,808683,808683,809488,0.47606308,0.76354659,13084.21866058,9573.35912831,249140.2693214
"269",2017-11-08 02:33:11,809388,808903,809387,0.01,0.03747678,13072.4563833,9561.68030384,249133.6293214
"270",2017-11-08 02:33:12,808903,808903,809387,0.007,0.03747678,13077.1213833,9560.70930395,249133.6323214
"271",2017-11-08 02:33:13,808903,809170,809387,0.01,0.03747678,13073.13758429,9566.93930519,249133.0323214
"272",2017-11-08 02:33:14,808903,809170,809387,0.01,0.03747678,13078.03258384,9566.15660533,249127.8123214
"273",2017-11-08 02:33:15,808903,809170,809387,0.01,0.03747678,13077.79839111,9566.15660533,249127.0112514
"274",2017-11-08 02:33:16,809387,809170,809387,0.01,0.03227674,13078.38958328,9573.59870529,249125.03739326
"275",2017-11-08 02:33:17,808846,808846,809387,0.48292322,0.03227674,13089.8445845,9572.9547038,249123.67669326
"276",2017-11-08 02:33:18,808846,808909,809103,0.0174,0.002,13059.37906006,9577.85160404,249123.14874326
"277",2017-11-08 02:33:19,809103,809303,809387,0.008,0.03227674,13069.56966178,9595.34960404,249121.08074326
"278",2017-11-08 02:33:20,809103,809303,809387,0.008,0.03227674,13070.21986178,9634.12460404,249120.83864326
"279",2017-11-08 02:33:21,809387,809387,809488,2.36172326,0.76354659,13072.88158504,9639.1883273,249119.47691952
"280",2017-11-08 02:33:22,809303,809303,809488,2.326e-05,0.76354659,13070.80188504,9638.25332805,249120.72666952
"281",2017-11-08 02:33:23,808801,808801,809387,5.39901658,0.3617,13058.6598848,9634.94132978,249122.52521172
"282",2017-11-08 02:33:24,808801,808877,809272,0.27212326,0.445,13059.85218621,9638.14783003,249120.14457754
"283",2017-11-08 02:33:25,808801,808877,809271,0.27212326,0.2956,13027.37313596,9641.49173003,249120.11007747
"284",2017-11-08 02:33:26,808801,808820,809270,0.01,1.0901,13038.5572127,9635.22313003,249120.06007747
"285",2017-11-08 02:33:27,809588,809588,809601,0.4343,0.78503641,12573.13381295,9626.22803003,249123.78867747
"286",2017-11-08 02:33:28,809589,809589,809601,0.597,0.78503641,12580.47982092,9626.5280288,249123.79167747
"287",2017-11-08 02:33:29,809273,809273,809601,0.47130049,0.78503641,12590.67582092,9627.0280288,249125.39167747
"288",2017-11-08 02:33:30,809273,809273,809589,0.47130049,0.00479994,12591.10481309,9618.38672849,249124.39167747
"289",2017-11-08 02:33:31,809273,809274,809589,1.5476,0.00479994,12587.14361236,9608.63682774,249124.39331386
"290",2017-11-08 02:33:32,809601,809593,809601,0.00020006,0.66503641,12589.95251167,9616.6120278,249115.37313734
"291",2017-11-08 02:33:33,809601,809593,809598,0.00020006,0.4664,12587.21610979,9635.67442755,249115.08313734
"292",2017-11-08 02:33:34,809593,809275,809593,0.56,0.01173313,12587.58011117,9625.84262647,249112.9833374
"293",2017-11-08 02:33:35,809593,809274,809593,0.597,0.01173313,12598.92011166,9636.04262672,249112.7942674
"294",2017-11-08 02:33:36,809274,809275,809593,0.6,0.01173313,12591.96781142,9637.23052865,249107.1042674
"295",2017-11-08 02:33:37,809274,809458,809593,0.01,0.01173313,12600.21181192,9638.9555294,249105.7776674
"296",2017-11-08 02:33:38,809274,809458,809593,0.01,0.01173313,12603.46931192,9640.16552915,249105.7776674
"297",2017-11-08 02:33:39,809274,809458,809593,0.01,0.01173313,12596.03171192,9641.82713014,249105.6776674
"298",2017-11-08 02:33:40,809593,809458,809500,0.005,2,12585.85991143,9643.94159721,249076.78746734
"299",2017-11-08 02:33:41,809500,809458,809500,0.00350003,1.99,12593.94141318,9643.36169715,249056.79591731
"300",2017-11-08 02:33:42,809458,809458,809499,0.00170077,0.5,12594.26322126,9643.85349715,249056.78664657
"301",2017-11-08 02:33:43,809458,809458,809500,0.00170077,1.99,12594.89221982,9643.25553158,249056.78464729
"302",2017-11-08 02:33:44,809280,809281,809500,1.042,1.98,12610.48462038,9642.33653059,249038.4194044
"303",2017-11-08 02:33:45,809280,809282,809500,2.40000024,1.98,12584.5449553,9642.52153059,249032.20440415
"304",2017-11-08 02:33:46,809280,809286,809500,0.005,1.98,12593.27695456,9642.12893059,249028.14440415
"305",2017-11-08 02:33:47,809280,809283,809500,1.2703,1.98,12594.41460564,9642.12153059,249028.13732946
"306",2017-11-08 02:33:48,809280,809284,809500,1.0512,1.98,12613.39550613,9642.12153109,249027.4253285
"307",2017-11-08 02:33:49,809280,809284,809500,1.0512,1.98,12603.79550613,9642.42153109,249026.7123285
"308",2017-11-08 02:33:50,809280,809285,809500,2.4,1.98,12599.22959806,9634.22153109,249026.2591285
"309",2017-11-08 02:33:51,809286,809287,809500,0.18,1.98,12599.90809796,9634.19153109,249026.23337823
"310",2017-11-08 02:33:52,809500,809287,809500,1.20000074,0.98,12600.86329757,9630.79153059,249007.09070823
"311",2017-11-08 02:33:53,809500,809288,809500,0.17,1.48,12597.41329708,9633.69153109,249005.44870799
"312",2017-11-08 02:33:54,809500,809290,809500,0.005,1.98,12594.97389708,9634.19153109,249000.36694723
"313",2017-11-08 02:33:55,809500,809290,809500,0.005,1.98,12594.96739708,9634.19153109,248998.84784715
"314",2017-11-08 02:33:56,809500,809290,809500,0.005,1.88,12598.28490663,9634.12153109,248993.54679619
"315",2017-11-08 02:33:57,809500,809287,809500,0.6,1.88,12594.07990639,9624.50753034,248990.60679475
"316",2017-11-08 02:33:58,809500,809284,809499,0.60000074,0.78,12598.57990663,9625.28753034,248957.40679403
"317",2017-11-08 02:33:59,809500,809327,809500,0.0174,1.88,12617.39730663,9633.00753084,248951.08639211
"318",2017-11-08 02:34:00,809500,809417,809499,0.01,0.4,12607.68240663,9623.00753034,248929.58302115
"319",2017-11-08 02:34:01,809031,809291,809499,0.6,0.4,12606.20790589,9623.57753109,248921.64251778
"320",2017-11-08 02:34:02,809031,809291,809499,0.6,0.28,12601.40790565,9623.46003109,248900.79768787
"321",2017-11-08 02:34:03,809498,809335,809350,0.0174,0.01,12600.10959782,9622.41813139,248899.21556714
"322",2017-11-08 02:34:04,809498,809062,809350,3.60000098,0.01,12593.01409708,9623.43783139,248898.76876714
"323",2017-11-08 02:34:05,809498,809119,809350,0.0174,0.01,12587.04009806,9612.60633114,248896.05752836
"324",2017-11-08 02:34:06,809498,809119,809350,0.0174,0.01,12586.63599806,9607.80633015,248896.03752836
"325",2017-11-08 02:34:07,809404,809124,809404,0.005,1.4428,12585.92359806,9614.02513114,248892.36652836
"326",2017-11-08 02:34:08,809404,809288,809404,0.1,1.4428,12586.85639806,9612.00293064,248891.31302942
"327",2017-11-08 02:34:09,809404,809304,809403,0.006,1.4554,12599.66114838,9615.60393114,248878.29542942
"328",2017-11-08 02:34:10,809404,809304,809403,0.006,0.51,12599.39994838,9625.19133213,248877.60442942
"329",2017-11-08 02:34:11,809404,809304,809405,0.006,0.571,12594.89994838,9619.88133114,248875.50295627
"330",2017-11-08 02:34:12,809404,809304,809404,0.006,0.9403,12594.07014828,9610.02482989,248871.2158638
"331",2017-11-08 02:34:13,809404,809304,809404,0.006,0.9403,12594.16514828,9619.92483064,248850.8197938
"332",2017-11-08 02:34:14,809404,809304,809405,0.006,0.571,12594.46514828,9619.91733064,248845.52999332
"333",2017-11-08 02:34:15,809404,809304,809405,0.006,0.571,12609.28794902,9619.28453064,248842.66433114
"334",2017-11-08 02:34:16,809073,809075,809405,0.3758,0.571,12608.78114902,9618.73782871,248806.37426539
"335",2017-11-08 02:34:17,809073,809075,809497,0.3758,1.0798,12608.53394772,9622.9528297,248805.37426515
"336",2017-11-08 02:34:18,809073,809141,809497,0.0174,1.0798,12618.21134846,9623.1728292,248801.10246515
"337",2017-11-08 02:34:19,808780,809072,809497,0.60000098,1.1421,12608.12654856,9625.6351297,248811.02152701
"338",2017-11-08 02:34:20,809141,809141,809250,1.5,0.02,12602.84754822,9625.6551297,248810.10462677
"339",2017-11-08 02:34:21,809141,809141,809250,0.3404,0.02,12601.47794822,9629.59303045,248811.08313877
"340",2017-11-08 02:34:22,809141,809141,809250,0.3404,0.02,12597.26405524,9614.10032871,248809.99687373
"341",2017-11-08 02:34:23,809141,809220,809249,0.01,0.43868498,12599.31485622,9622.95371369,248807.88122373
"342",2017-11-08 02:34:24,809105,808557,809196,0.1284,0.01,12593.77285524,9628.04971492,248809.76742373
"343",2017-11-08 02:34:25,808703,809058,809105,0.20000049,0.5747,12592.19997745,9640.81421699,248808.55062381
"344",2017-11-08 02:34:26,808703,808928,808935,0.01,0.002,12596.23497598,9646.52321674,248808.55062381
"345",2017-11-08 02:34:27,808703,808928,808935,0.01,0.002,12601.30297622,9651.25165248,248808.49955381
"346",2017-11-08 02:34:28,808935,808928,808935,0.01,1.994,12600.86077524,9689.06885398,248808.33685381
"347",2017-11-08 02:34:29,808703,808703,808935,0.13902,1.994,12596.48777598,9673.07116825,248806.01918873
"348",2017-11-08 02:34:30,808703,808703,808934,0.13902,1.00654249,12584.59017475,9654.42310901,248806.01918873
"349",2017-11-08 02:34:31,808504,808504,808928,1.32828112,2.4,12559.25017573,9657.33811001,248800.05418873
"350",2017-11-08 02:34:32,808849,808504,808849,6.1282821,0.51420076,12555.07217622,9629.61710978,248799.10098797
"351",2017-11-08 02:34:33,808559,808504,808559,1.32828112,0.33199902,12559.97217573,9631.0051088,248799.69098895
"352",2017-11-08 02:34:34,808623,808623,808849,0.02210024,0.47520076,12566.84227767,9629.67460865,248800.2376848
"353",2017-11-08 02:34:35,808849,808623,808710,0.02210024,0.01,12558.6199968,9630.5117441,248799.92514935
"354",2017-11-08 02:34:36,808849,808559,808709,0.86800122,0.21934249,12557.39789632,9631.4361441,248794.24014935
"355",2017-11-08 02:34:37,808504,808503,808504,3,1.51962878,12552.6538951,9629.56480946,248794.37546985
"356",2017-11-08 02:34:38,808503,808500,808504,51,1.51962878,12549.3618951,9634.36441046,248796.95174484
"357",2017-11-08 02:34:39,808500,808500,808503,48.95,0.6,12546.47389486,9629.23061141,248798.48147453
"358",2017-11-08 02:34:40,808503,808500,808503,48.95,0.55,12552.86239436,9686.5706114,248798.52147453
"359",2017-11-08 02:34:41,808500,808500,808503,45.95,0.55,12555.77839485,9680.38061165,248802.45372453
"360",2017-11-08 02:34:42,808504,808500,808504,43.945,1.46302924,12555.57339633,9688.17881006,248802.46952513
"361",2017-11-08 02:34:43,808500,808500,808709,43.14500098,0.18237173,12555.9233983,9681.97880931,248795.45872513
"362",2017-11-08 02:34:44,808500,808500,808503,39.13500098,0.55,12546.1233983,9685.56118179,248800.57189493
"363",2017-11-08 02:34:45,808927,808501,808927,1.2765,0.46228141,12546.07249731,9684.25388193,248803.09089493
"364",2017-11-08 02:34:46,808926,808500,808926,16.41150098,0.367,12514.50649928,9672.53088143,248825.79389493
"365",2017-11-08 02:34:47,808927,808500,808925,6.62970562,4.8,12514.34370368,9678.51428168,248836.82484029
"366",2017-11-08 02:34:48,808500,808501,808688,1.2446,0.01,12512.42150757,9683.49428267,248841.41577991
"367",2017-11-08 02:34:49,808501,808501,808503,1.2406,0.4,12489.90450757,9683.60381767,248841.42577991
"368",2017-11-08 02:34:50,808503,808599,808688,0.6,0.02,12503.5679793,9708.27681866,248840.92577991
"369",2017-11-08 02:34:51,808688,808600,808688,1.15,0.01520096,12532.19952047,9701.51891992,248838.29247895
"370",2017-11-08 02:34:52,808688,808600,808688,1.15,0.01520096,12560.78201973,9714.32482017,248838.27047895
"371",2017-11-08 02:34:53,808600,808600,808917,1.147,0.45,12574.7131212,9719.77611921,248837.55126469
"372",2017-11-08 02:34:54,808600,808600,808917,0.647,0.45,12569.0561212,9724.60111921,248838.04914469
"373",2017-11-08 02:34:55,808600,808689,808734,0.647,0.01,12556.96592095,9722.33803755,248838.04764522
"374",2017-11-08 02:34:56,808600,808689,808734,0.647,0.01,12539.17512046,9722.2109378,248837.02764522
"375",2017-11-08 02:34:57,808600,808689,808734,0.647,0.01,12534.19274849,9723.6040378,248836.99854522
"376",2017-11-08 02:34:58,808925,808690,808925,0.18237173,0.1201,12572.5569146,9722.8210383,248837.98362302
"377",2017-11-08 02:34:59,808925,808690,808915,0.18237173,0.2098,12573.81301509,9723.0608383,248837.97762302
"378",2017-11-08 02:35:00,808800,808800,808925,9.99,0.1201,12583.84531509,9721.8510383,248837.97762302
"379",2017-11-08 02:35:01,808926,808801,808926,0.647,2.1201,12593.74531558,9723.63103905,248839.97042357
"380",2017-11-08 02:35:02,809000,809001,809032,0.647,0.38,12610.88409607,9720.53493905,248842.91334357
"381",2017-11-08 02:35:03,809032,809001,809032,0.547,0.36,12612.70999484,9717.7149378,248844.01227357
"382",2017-11-08 02:35:04,809032,809032,809107,0.02,0.0534,12557.94762409,9717.4773378,248844.02227357
"383",2017-11-08 02:35:05,809032,809001,809032,0.547,0.79762827,12564.02828381,9715.88936607,248847.1584453
"384",2017-11-08 02:35:06,809032,809001,809032,0.547,0.32962827,12567.3476263,9713.79765888,248840.6264453
"385",2017-11-08 02:35:07,809486,809032,809486,0.46797173,1.10120099,12558.00159764,9703.5550301,248841.95502357
"386",2017-11-08 02:35:08,809486,809486,809487,1.64879901,0.61050193,12552.51919543,9678.07442911,248834.30622456
"387",2017-11-08 02:35:09,809486,809486,809487,0.44879851,0.61050193,12545.20422418,9680.47442961,248835.39411506
"388",2017-11-08 02:35:10,809486,809486,809487,0.44879851,0.61050193,12542.99822344,9681.19812961,248835.44871506
"389",2017-11-08 02:35:11,809999,809035,809483,0.9245,0.22,12554.29342482,9671.0815311,248846.5116926
"390",2017-11-08 02:35:12,809500,809500,809754,0.4805,0.5079,12548.90492238,9683.12522296,248846.8716926
"391",2017-11-08 02:35:13,809500,809500,809704,0.4805,0.0122,12549.93612228,9694.89582342,248846.86989324
"392",2017-11-08 02:35:14,809125,809125,809753,0.13,0.42,12521.79783047,9696.41268212,248829.17781776
"393",2017-11-08 02:35:15,809125,809200,809753,0.02,0.42,12512.04252974,9698.81268262,248827.54254064
"394",2017-11-08 02:35:16,809125,809487,809752,0.547,0.6254,12516.2537322,9700.32398412,248825.53254064
"395",2017-11-08 02:35:17,809999,809487,809999,0.547,4.34540125,12521.37873342,9682.92398238,248828.31135172
"396",2017-11-08 02:35:18,810000,809488,810000,1.4201,13.15601053,12517.64793318,9670.31459166,248840.84289244
"397",2017-11-08 02:35:19,810000,809489,809717,0.547,0.01,12515.8754251,9671.61020194,248849.50148316
"398",2017-11-08 02:35:20,810000,810000,810001,36.34838019,0.17,12547.57321189,9659.55858163,248832.05310297
"399",2017-11-08 02:35:21,810000,810000,810081,35.98498112,0.05,12548.0622116,9670.55858238,248832.81543204
"400",2017-11-08 02:35:22,810005,810005,810186,0.002,0.0874,12544.49981209,9670.09898263,248831.27206903
"401",2017-11-08 02:35:23,810005,810133,810186,2,0.0874,12548.78651179,9660.32228188,248831.77408204
"402",2017-11-08 02:35:24,810005,810002,810150,0.03,0.33663699,12541.56551187,9658.88085181,248832.2399291
"403",2017-11-08 02:35:25,810150,810001,810150,1.2967,0.33363699,12544.84051137,9658.87785181,248833.0319591
"404",2017-11-08 02:35:26,810188,810001,810188,1.2967,0.09933319,12540.7807033,9654.02521407,248827.57579904
"405",2017-11-08 02:35:27,810200,810001,810186,1.51020734,0.4,12545.47721088,9661.92821506,248832.57979904
"406",2017-11-08 02:35:28,810000,810000,810193,34.49518846,3,12554.1094126,9666.54341556,248811.22608864
"407",2017-11-08 02:35:31,810150,810033,810150,0.38,0.5,12558.00312715,9698.47191606,248838.98837235
"408",2017-11-08 02:35:32,810150,810033,810150,0.38,0.5,12557.98712715,9698.42231606,248838.98837235
"409",2017-11-08 02:35:37,810034,810034,810133,0.52619994,0.00479924,12524.00052715,9655.30271926,248832.03724216
"410",2017-11-08 02:35:38,810149,810000,810149,19.43340238,0.32369924,12520.87432647,9655.24271926,248832.21220241
"411",2017-11-08 02:35:39,809924,809894,809924,0.0074,4.39539768,12518.19752556,9659.55185813,248851.92167146
"412",2017-11-08 02:35:40,809924,809894,809923,0.0074,0.769,12507.40932409,9679.19015715,248854.36362244
"413",2017-11-08 02:35:41,809923,809894,809923,0.0074,0.764,12517.57752458,9679.55665715,248850.53542124
"414",2017-11-08 02:35:42,809923,809894,809923,0.0074,0.759,12513.32692434,9679.55165541,248847.800521
"415",2017-11-08 02:35:43,809867,809867,809923,0.1049,0.759,12518.45872508,9679.24885541,248844.06103383
"416",2017-11-08 02:35:44,809199,809199,809894,0.4949,0.01,12522.69082068,9674.45885442,248814.37653682
"417",2017-11-08 02:35:45,809807,809200,809807,0.5,0.3302,12511.46682019,9660.05495517,248814.03728682
"418",2017-11-08 02:35:46,809807,809586,809806,0.01,0.75,12521.39232019,9586.70672074,248813.67048586
"419",2017-11-08 02:35:47,809806,809586,809806,0.01,0.6782,12517.58882043,9590.84372277,248809.78758514
"420",2017-11-08 02:35:48,809198,809199,809650,0.8405,0.02,12573.09481993,9589.95642277,248810.77558514
"421",2017-11-08 02:35:49,809198,809199,809304,2.8405,0.05,12577.66481895,9588.99372252,248810.60558514
"422",2017-11-08 02:35:50,809198,809250,809304,4.5,0.05,12582.26481895,9574.89191855,248810.61710283
"423",2017-11-08 02:35:51,809304,809276,809650,0.01,0.02,12582.83432042,9576.9660193,248762.0156909
"424",2017-11-08 02:35:52,809894,809372,809802,0.462,0.4,12585.54552067,9581.40861675,248763.90067019
"425",2017-11-08 02:35:53,809894,809373,809801,1.916,0.3561,12588.06152067,9581.42671675,248763.88067019
"426",2017-11-08 02:35:54,809894,809374,809801,0.25,0.3561,12590.71152141,9578.7099193,248762.69774019
"427",2017-11-08 02:35:55,809894,809650,809801,0.00179956,0.3561,12544.64442048,9578.63171955,248761.86864019
"428",2017-11-08 02:35:56,809894,809650,809761,0.00179956,0.5,12553.03691999,9574.42001856,248761.5145025
"429",2017-11-08 02:35:57,809894,809650,809700,0.00179956,0.01,12552.71691999,9581.63001782,248761.2626025
"430",2017-11-08 02:35:58,809378,809378,809801,0.68329956,0.2,12552.80561925,9577.06541792,248763.5658525
"431",2017-11-08 02:35:59,809378,809379,809921,0.4,0.42,12557.26201925,9577.14251313,248761.87833444
"432",2017-11-08 02:36:00,809378,809379,809514,0.4,0.01,12599.35242605,9564.26431388,248759.28865115
"433",2017-11-08 02:36:01,809514,809380,809999,1.42,0.60000075,12627.89322215,9609.85771438,248757.61864971
"434",2017-11-08 02:36:02,809999,809514,809999,0.01,1.400001,12586.02202215,9617.65471463,248753.67854971
"435",2017-11-08 02:36:03,809999,809514,809999,0.01,2.10000175,12580.79756873,9601.80661423,248753.11087971
"436",2017-11-08 02:36:04,809999,809383,809878,0.5,0.007125,12580.69456833,9611.35590613,248753.10399647
"437",2017-11-08 02:36:05,809878,809384,809878,0.6,0.006125,12572.00676784,9609.86490564,248753.00319661
"438",2017-11-08 02:36:06,809878,809384,809878,2.3065,0.006125,12585.27606833,9609.38490564,248751.53389613
"439",2017-11-08 02:36:07,809878,809384,809878,0.6,0.006125,12590.7539601,9619.51490589,248750.52999589
"440",2017-11-08 02:36:08,809878,809385,809800,2.1424,0.39,12593.67346818,9626.73490614,248750.48679575
"441",2017-11-08 02:36:09,810000,809514,809936,2,0.136,12590.99346794,9621.28911127,248754.36699114
"442",2017-11-08 02:36:10,809999,809923,809999,0.3,0.1767967,12583.6500672,9622.99541879,248750.92683635
"443",2017-11-08 02:36:11,810000,809923,810000,0.3,1.41983798,12587.4451672,9612.71862184,248749.18242065
"444",2017-11-08 02:36:12,810000,809923,809984,1.1,0.0075,12564.71757965,9620.39492259,248706.03357732
"445",2017-11-08 02:36:13,809998,809923,809936,1.1,0.01,12565.02808014,9623.43632259,248701.1843523
"446",2017-11-08 02:36:14,809998,809923,809979,1.1,0.02388458,12564.57137343,9623.21989175,248699.4893523
"447",2017-11-08 02:36:15,809923,809923,809968,0.1,0.0075,12574.51827367,9623.87539175,248699.4540123
"448",2017-11-08 02:36:16,809923,809923,809983,0.089,0.0075,12574.11577367,9620.28289125,248691.19793837
"449",2017-11-08 02:36:17,809923,809923,809983,0.086,0.0075,12570.94967367,9619.28188902,248690.10093837
"450",2017-11-08 02:36:18,809519,809519,809998,1.4949,0.16526916,12569.62207367,9619.80718902,248681.18316709
"451",2017-11-08 02:36:19,809519,809837,809923,0.05,0.00179896,12578.35217446,9612.98898624,248674.40066541
"452",2017-11-08 02:36:20,809519,809905,809923,0.01,0.00179896,12583.66857545,9615.08898797,248673.67921121
"453",2017-11-08 02:36:21,810000,809905,810000,0.01,0.3669061,12600.40905698,9612.95618797,248668.60511844
"454",2017-11-08 02:36:22,810000,809905,809997,0.01,0.5338,12599.90905698,9614.18058187,248664.20311844
"455",2017-11-08 02:36:23,810000,809905,809995,0.01,0.005,12602.26125845,9612.97378187,248661.03728857
"456",2017-11-08 02:36:24,810000,809905,810000,0.01,0.01695689,12610.67225817,9615.82606637,248661.62121857
"457",2017-11-08 02:36:25,810000,809905,810000,0.01,0.01695689,12610.37225817,9615.52606637,248661.52121857
"458",2017-11-08 02:36:26,810000,809905,809990,0.01,0.01195699,12601.11425719,9621.42362411,248655.35551857
"459",2017-11-08 02:36:27,809990,809905,809923,0.01,0.00149897,12601.12025768,9623.77503696,248654.55451857
"460",2017-11-08 02:36:28,809990,809905,809923,0.01,0.00149897,12960.09345793,9624.78003696,248653.87937149
"461",2017-11-08 02:36:29,809990,809905,809923,0.01,0.00149897,12959.22815793,9625.08103696,248653.09357149
"462",2017-11-08 02:36:30,809990,809905,809923,0.01,0.00149897,12959.46815793,9626.5480362,248653.09357149
"463",2017-11-08 02:36:31,809900,809900,809923,0.02120066,0.00149897,12959.39185884,9632.6985362,248652.62567106
"464",2017-11-08 02:36:32,809900,809900,809923,0.02120066,0.00149897,12960.64345884,9634.24549164,248650.86677106
"465",2017-11-08 02:36:33,809900,809900,809923,0.02120066,0.00149897,12963.8456586,9649.25049164,248650.7381225
"466",2017-11-08 02:36:34,809900,809900,809923,0.02120066,0.00149897,12969.99467755,9653.74049164,248649.5131525
"467",2017-11-08 02:36:35,809900,809900,809923,0.02120066,0.00149897,12968.88885908,9647.39349089,248648.3174225
"468",2017-11-08 02:36:36,809900,809900,809923,0.02120066,0.00149897,12970.12365883,9640.82249064,248646.50719202
"469",2017-11-08 02:36:37,809923,809900,809923,0.02120066,0.50049897,12970.38555883,9625.39659064,248638.24169602
"470",2017-11-08 02:36:38,809536,809539,809790,0.01,0.001,12967.49775817,9617.88719164,248637.39667602
"471",2017-11-08 02:36:39,809536,809539,809790,0.01,0.001,12961.38875729,9608.77759164,248630.4787556
"472",2017-11-08 02:36:40,809536,809539,809790,0.41,0.001,12958.16975833,9606.87539098,248628.98075512
"473",2017-11-08 02:36:41,809800,809689,809800,0.01,0.001,12957.17975735,9619.38154897,248627.72008516
"474",2017-11-08 02:36:42,809800,809689,809800,0.01,0.001,12954.55975735,9619.79154897,248620.17338516
"475",2017-11-08 02:36:43,809689,809689,809800,0.009,0.001,12999.70075614,9619.65697902,248616.98032934
"476",2017-11-08 02:36:44,809689,809689,809800,0.009,0.001,12992.48235604,9620.3488958,248616.75792934
"477",2017-11-08 02:36:45,809689,809689,809800,0.009,0.01295729,12992.30085622,9615.21039516,248614.98537957
"478",2017-11-08 02:36:46,809689,809689,809800,0.009,0.01295729,12992.60085794,9610.4223522,248614.42207957
"479",2017-11-08 02:36:47,809689,809689,809800,0.009,0.01295729,12978.50635696,9610.3439522,248607.7957838
"480",2017-11-08 02:36:48,809689,809689,809800,0.009,0.01295729,12981.69067494,9609.02795132,248607.5099838
"481",2017-11-08 02:36:49,809800,809689,809800,0.009,0.00995729,12996.98875696,9610.34575116,248591.44857834
"482",2017-11-08 02:36:50,809800,809700,809800,0.001,0.00995729,12990.99755556,9609.34575116,248587.25447834
"483",2017-11-08 02:36:51,809800,809700,809710,0.001,0.001,12996.76285622,9612.39675314,248586.54247834
"484",2017-11-08 02:36:52,809800,809700,809710,0.001,0.001,12989.27635597,9607.59675239,248586.53422889
"485",2017-11-08 02:36:53,809800,809700,809800,0.001,0.00095729,12982.79625548,9620.13675289,248586.59422889
"486",2017-11-08 02:36:54,809899,809700,809899,0.001,0.11071442,12981.38935548,9621.41675289,248583.52142889
"487",2017-11-08 02:36:55,809899,809777,809899,0.051,0.05071442,12981.92035548,9621.36425186,248575.14624989
"488",2017-11-08 02:36:56,809899,809700,809899,0.001,0.04071442,12984.22445482,9620.97625214,248554.64524989
"489",2017-11-08 02:36:57,809899,809700,809899,0.001,0.04071442,12983.7664404,9625.97625214,248554.62617989
"490",2017-11-08 02:36:58,809899,809800,809899,0.001,0.03071442,12988.8946404,9624.77365189,248554.63617989
"491",2017-11-08 02:36:59,809604,809604,809810,0.466,0.001,12998.17464089,9623.57465239,248554.58617989
"492",2017-11-08 02:37:00,809604,809605,809810,0.45,0.001,12992.97813991,9614.14465214,248553.38312989
"493",2017-11-08 02:37:01,809604,809606,809810,0.9895,0.001,12991.90333991,9616.37465065,248550.38312989
"494",2017-11-08 02:37:02,809922,809607,809922,0.21898153,0.02501235,12997.77333991,9618.66465164,248550.29312989
"495",2017-11-08 02:37:03,809923,809607,809923,0.61898153,0.42501235,12998.18383991,9611.4146509,248550.39312989
"496",2017-11-08 02:37:04,809923,809800,809923,0.00719935,0.42501235,12997.53775466,9611.8361509,248549.35312989
"497",2017-11-08 02:37:05,809923,809800,809923,0.00719935,0.42501235,12997.28775466,9611.8361509,248548.83812989
"498",2017-11-08 02:37:06,809923,809800,809923,0.00719935,0.42501235,13000.68155515,9611.3846509,248541.56612989
"499",2017-11-08 02:37:07,809800,809800,809923,0.00619935,0.41501235,13011.70795613,9616.66125165,248541.33388107
"500",2017-11-08 02:37:08,809800,809800,809922,0.03929325,0.6,12982.4336685,9617.26125165,248541.23176107
"501",2017-11-08 02:37:09,809800,809800,809921,0.03929325,0.6,12983.44465027,9617.10465165,248540.77676107
"502",2017-11-08 02:37:10,809800,809800,809921,0.03929325,0.6,12984.23665027,9614.70465066,248541.18376107
"503",2017-11-08 02:37:11,809800,809800,809922,0.03929325,0.6,12983.25864953,9617.10465165,248530.15656107
"504",2017-11-08 02:37:12,809800,809800,809922,0.03929325,0.6,12973.5051488,9617.78045165,248528.08306152
"505",2017-11-08 02:37:13,809800,809800,809922,0.03929325,0.6,12970.4751493,9617.60465165,248525.69406152
"506",2017-11-08 02:37:14,809800,809800,809922,0.03929325,0.6,12976.2373493,9609.81015115,248525.59406152
"507",2017-11-08 02:37:15,809800,809800,809922,0.03929325,0.6,12971.38484856,9619.53435165,248522.65516152
"508",2017-11-08 02:37:16,809922,809800,809922,0.03929325,0.17,12969.70753577,9616.65245195,248520.38449152
"509",2017-11-08 02:37:17,809923,809800,809900,0.03929325,0.01195709,12969.67693552,9610.95560829,248498.65239152
"510",2017-11-08 02:37:18,809923,809800,809900,0.03929325,0.01195709,12975.05103528,9615.46060904,248491.60238984
"511",2017-11-08 02:37:19,809900,809800,809900,0.03929325,0.01015813,12975.63893528,9615.60771008,248485.82408784
"512",2017-11-08 02:37:20,809900,809800,809900,0.03929325,0.01015813,12974.35303528,9615.25580958,248482.30923868
"513",2017-11-08 02:37:21,810041,810184,810398,0.0225,6.60000273,12958.81453405,9602.0556827,248482.32754793
"514",2017-11-08 02:37:22,810120,809800,809900,0.33929325,0.4775,12974.78366838,9613.56728345,248438.45004793
"515",2017-11-08 02:37:23,810398,809800,810398,0.33929325,1.80000198,12976.49103488,9606.1776827,248438.92004769
"516",2017-11-08 02:37:24,809900,809900,809910,0.3745,0.001,12976.40953537,9611.07159893,248438.06184769
"517",2017-11-08 02:37:25,809900,809909,809910,1,0.001,12971.86193635,9612.12869819,248427.53672697
"518",2017-11-08 02:37:26,809910,810050,810300,4.999,0.01195739,12969.18093611,9611.51169794,248410.17885119
"519",2017-11-08 02:37:27,810397,810050,810394,4.999,0.34,12977.10493709,9611.20369844,248398.17885119
"520",2017-11-08 02:37:28,810398,810051,810398,0.6,3.63600125,12977.08203709,9610.52064056,248395.49759916
"521",2017-11-08 02:37:32,810051,810054,810200,1.0635,0.01,12952.05817972,9603.04064081,248376.84732831
"522",2017-11-08 02:37:33,810399,810051,810399,0.23000924,2.63000125,12958.51667972,9598.04314081,248381.27562831
"523",2017-11-08 02:37:34,810398,810398,810399,1.06200003,2.63000125,12980.34568024,9615.79314379,248379.66360724
"524",2017-11-08 02:37:35,810398,810054,810201,0.5,0.01,12981.54907899,9631.29764285,248378.76815509
"525",2017-11-08 02:37:36,810399,810055,810389,0.3507,0.001,12981.45816852,9642.7128427,248379.77888425
"526",2017-11-08 02:37:37,810399,810057,810389,0.4,0.001,12982.49753551,9648.98684345,248379.09678425
"527",2017-11-08 02:37:38,810409,810310,810398,0.1,1.1229,12964.93123502,9639.0927412,248371.24918425
"528",2017-11-08 02:37:39,810409,810310,810409,0.1,0.85210209,12964.40787776,9653.26474393,248367.73798425
"529",2017-11-08 02:37:40,810490,810455,810490,0.462,11.25327759,12958.00893308,9648.55674318,248362.0571838
"530",2017-11-08 02:37:41,810455,810455,810530,0.112,0.56773568,12962.05893406,9613.17774318,248376.29048761
"531",2017-11-08 02:37:42,810456,810456,810530,0.00964274,0.56773568,12965.74493416,9608.10474318,248376.28148761
"532",2017-11-08 02:37:43,810456,810456,810467,0.00964274,0.01,12964.79776766,9590.29174174,248374.35323761
"533",2017-11-08 02:37:44,810490,810455,810490,0.112,2.9769061,12980.76813479,9591.64654834,248368.21533151
"534",2017-11-08 02:37:45,810490,810455,810490,0.112,0.9769061,12987.13293356,9594.27881365,248368.30426151
"535",2017-11-08 02:37:51,810053,810053,810528,2.57400147,0.00964274,12969.91169794,9589.09925704,248378.80726923
"536",2017-11-08 02:37:52,810528,810054,810527,1.26095726,0.25,12971.77265569,9590.57625589,248378.30734923
"537",2017-11-08 02:37:53,810527,810055,810433,0.6,0.54,12958.37165419,9595.49245645,248378.12004813
"538",2017-11-08 02:37:54,810433,810055,810433,0.6,0.53,12962.55509613,9595.27331197,248373.04784714
"539",2017-11-08 02:37:55,810433,810027,810433,0.05,0.51,12938.3604949,9603.27661271,248378.07674813
"540",2017-11-08 02:37:56,810432,810077,810431,0.0792,0.5,12945.67199564,9595.48371197,248377.14634813
"541",2017-11-08 02:37:57,810000,810000,810027,0.01,2.0811,12945.30309564,9598.76481222,248378.45694046
"542",2017-11-08 02:37:58,810027,810000,810027,0.01,0.9864,12935.50889051,9599.61111272,248348.45092046
"543",2017-11-08 02:37:59,810000,809723,810000,0.002,4.25929536,12949.969891,9606.44341,248348.93872046
"544",2017-11-08 02:38:00,810000,809839,809999,0.0792,0.6,12948.44909125,9610.89070802,248348.33872046
"545",2017-11-08 02:38:01,810000,809723,810000,0.002,4.24329536,12948.75819125,9597.56970629,248348.79322099
"546",2017-11-08 02:38:02,809683,809840,809999,0.1089,0.6,12948.70909051,9598.35970629,248349.6659659
"547",2017-11-08 02:38:03,809683,809684,809999,0.6,0.6,12934.01729515,9594.22641043,248347.9309659
"548",2017-11-08 02:38:04,809999,809684,809994,0.6,0.005,12940.24892914,9594.22141043,248345.82217645
"549",2017-11-08 02:38:05,810026,809684,810026,0.60000074,1,12944.36569638,9592.12281043,248347.82697645
"550",2017-11-08 02:38:06,810026,809684,810026,1.10000074,0.99820094,12944.77145238,9564.02131112,248344.8424005
"551",2017-11-08 02:38:07,810386,809685,810386,0.8,0.6803,12945.65325164,9559.91691029,248345.9288505
"552",2017-11-08 02:38:08,810386,809685,810384,2.2803,0.48,12947.13155164,9566.23836778,248342.4786667
"553",2017-11-08 02:38:09,810386,809685,810384,1.65,0.48,12958.93125164,9565.06836778,248342.4786667
"554",2017-11-08 02:38:10,810386,809687,810009,0.4,0.01,12952.22524996,9566.66066778,248339.7236667
"555",2017-11-08 02:38:11,810386,809686,810009,0.6,0.01,12999.9921547,9574.00236753,248331.11148797
"556",2017-11-08 02:38:12,809683,809610,809683,0.07,0.2878,12934.9172547,9574.68526778,248329.28318797
"557",2017-11-08 02:38:13,809683,809695,810009,0.5485,0.01,12992.78075262,9585.33466892,248328.57098797
"558",2017-11-08 02:38:14,809683,809696,809830,0.45,0.01,12980.14725311,9584.62054275,248325.42098797
"559",2017-11-08 02:38:15,810009,810055,810059,0.2,0.01195719,13062.28395307,9585.824343,248320.49178797
"560",2017-11-08 02:38:16,810353,810055,810353,0.2,1.3252,12985.29995356,9582.6688254,248322.10189398
"561",2017-11-08 02:38:17,810055,810055,810351,0.18800012,1.80000149,12963.21595298,9584.45442689,248316.53664171
"562",2017-11-08 02:38:18,810055,810055,810293,0.18800012,0.05,13026.96495372,9585.07442664,248316.53864089
"563",2017-11-08 02:38:19,810293,810055,810111,0.18800012,0.003,12983.53005274,9586.0844264,248308.92934089
"564",2017-11-08 02:38:20,810293,810055,810111,0.18800012,0.003,12966.27455368,9582.05412566,248308.22754175
"565",2017-11-08 02:38:21,810293,810055,810111,0.18800012,0.003,12967.00345426,9582.92872345,248298.28844175
"566",2017-11-08 02:38:22,810000,809900,810000,1.65,0.19199988,12967.80395414,9582.38692333,248297.6619427
"567",2017-11-08 02:38:23,810000,809900,810000,1.65,0.19199988,12967.46195414,9583.64492383,248297.3049427
"568",2017-11-08 02:38:24,810000,809901,810000,0.6,0.19199988,12976.40038621,9582.16492308,248294.36743738
"569",2017-11-08 02:38:25,810000,809902,810000,0.5,0.19199988,12987.58995512,9583.95772308,248294.27743738
"570",2017-11-08 02:38:26,810000,809901,809977,0.28,0.174,12951.27795512,9585.01172333,248292.82193761
"571",2017-11-08 02:38:27,810099,810099,810111,1.13400012,0.005,12944.91195475,9603.31582493,248293.38766749
"572",2017-11-08 02:38:28,810099,810099,810100,1.13400012,1,12956.38095671,9604.11582493,248287.0220505
"573",2017-11-08 02:38:29,809901,809901,810100,0.70800012,1,12970.80795671,9602.75378162,248278.80251772
"574",2017-11-08 02:38:30,809901,809901,810095,0.20800012,0.005,12982.49895681,9602.61588162,248278.79751772
"575",2017-11-08 02:38:31,809802,809802,810099,0.80500012,1.134,12982.83895534,9602.33088137,248280.55051772
"576",2017-11-08 02:38:32,809802,809803,809899,1.20000049,1.3392,12984.85895632,9591.73808013,248264.89873928
"577",2017-11-08 02:38:33,809802,809802,810100,0.62580061,1,12978.06375509,9584.85887914,248238.08793758
"578",2017-11-08 02:38:34,809800,809803,809894,0.45,0.005,12970.18275509,9596.43648013,248237.60156202
"579",2017-11-08 02:38:35,809803,809800,809802,2.40780061,0.55,12985.71075509,9615.35988038,248232.13316202
"580",2017-11-08 02:38:36,809802,809800,809801,2.40780061,0.6,12985.91175533,9622.30548062,248221.76116129
"581",2017-11-08 02:38:37,809800,809801,809802,0.12,0.15,12984.27975605,9618.96888013,248220.70910985
"582",2017-11-08 02:38:38,809800,809801,809802,0.12,0.15,12974.67975556,9628.51988013,248220.70910985
"583",2017-11-08 02:38:39,809800,809695,809797,0.5485,0.00499867,12982.17195546,9629.81337877,248220.38499523
"584",2017-11-08 02:38:40,809800,809695,809800,0.5485,0.01,12979.77995472,9611.0056801,248218.37129523
"585",2017-11-08 02:38:41,809800,809695,809800,0.5485,0.01,12985.23155545,9601.4035806,248217.26629523
"586",2017-11-08 02:38:42,809800,809695,809800,0.5485,0.00820024,12989.50555521,9591.66178064,248211.03015405
"587",2017-11-08 02:38:43,809800,809695,809800,0.5485,0.00820024,12984.28015521,9594.93708138,248211.02815405
"588",2017-11-08 02:38:44,809800,809695,809797,0.5485,0.005,12985.09045594,9587.20588163,248210.15395479
"589",2017-11-08 02:38:45,809800,809695,809797,0.5485,0.005,12985.30545594,9577.71788039,248210.29395479
"590",2017-11-08 02:38:46,809695,809695,809800,0.1185,0.00820024,12988.63845619,9583.60288138,248209.47840479
"591",2017-11-08 02:38:47,809695,809695,809800,0.1185,0.00820024,12985.4489557,9576.35557841,248206.92050479
"592",2017-11-08 02:38:48,810100,809797,809975,0.00179926,0.2025,12986.68745439,9574.38582202,248200.47243347
"593",2017-11-08 02:38:49,809797,809771,809794,0.01,1.99820074,12986.41365562,9576.07502286,248199.41445331
"594",2017-11-08 02:38:50,809696,809696,809794,1.241,1.99820074,12982.73965562,9573.77502286,248199.41545331
"595",2017-11-08 02:38:51,809696,809695,809794,0.1185,1.99820074,12986.32048646,9573.72592286,248198.57435331
"596",2017-11-08 02:38:52,809695,809695,809794,0.0085,1.99820074,12981.22405439,9583.19296617,248198.53328331
"597",2017-11-08 02:38:53,810095,809695,810095,0.0085,0.00320074,12983.56455405,9590.79296692,248200.41628323
"598",2017-11-08 02:38:54,810385,809695,810386,0.0085,2.00639853,12986.57455527,9588.2380672,248201.57178346
"599",2017-11-08 02:38:55,809672,809672,810384,0.255,0.6457,12985.16955503,9590.0837672,248193.96811407
"600",2017-11-08 02:38:56,809672,809672,810383,0.255,0.6,12986.06835503,9591.3499672,248193.90511407
