"","time","lst","best_bid","best_ask","best_bid_size","best_ask_size","total_bid_depth","total_ask_depth","volume"
"1",2017-11-08 02:07:16,808000,807882,808000,0.01,0.19620044,12655.0486816,9599.00499078,253305.37259617
"2",2017-11-08 02:07:17,807715,807715,807882,0.2941,0.00149897,12652.31425542,9599.88648975,253304.97259617
"3",2017-11-08 02:07:18,807882,807716,807882,0.21442594,0.00049897,12646.64868037,9601.60548975,253294.97359617
"4",2017-11-08 02:07:19,807882,807717,807882,0.3,0.00049897,12659.53758037,9602.0854885,253294.97869331
"5",2017-11-08 02:07:20,807716,807716,808000,0.11442594,0.19569941,12654.65758087,9598.20448924,253295.37289375
"6",2017-11-08 02:07:21,808000,807882,808000,2,0.19469941,12657.69548087,9608.80348999,253295.32389375
"7",2017-11-08 02:07:22,808000,807882,807998,2,0.07,12660.98568136,9615.55949123,253295.27889375
"8",2017-11-08 02:07:26,808000,807883,808000,0.01442594,0.16369941,12635.28798085,9631.40168969,253292.32379375
"9",2017-11-08 02:07:27,808000,807883,808000,0.01442594,0.16369941,12633.60438061,9638.23969044,253290.74519375
"10",2017-11-08 02:07:28,808000,807883,808000,0.01442594,0.16269941,12634.2043816,9646.17169119,253288.71469388
"11",2017-11-08 02:07:29,807883,807883,808000,0.01192594,0.16169941,12635.15508061,9647.21169119,253288.71819388
"12",2017-11-08 02:07:30,807883,807916,808000,0.11192594,0.16169941,12644.20508186,9635.2820887,253287.78829388
"13",2017-11-08 02:07:31,808000,808000,808085,3.45830059,0.05,12700.05338245,9618.59138904,253277.94999329
"14",2017-11-08 02:07:32,808085,808000,808085,3.45830059,0.049,12700.81938245,9619.11239078,253276.15099329
"15",2017-11-08 02:07:33,808085,808000,808085,3.48830059,0.049,12706.46938245,9617.19269078,253275.49542435
"16",2017-11-08 02:07:34,808083,808001,808083,0.6,0.005,12701.55238071,9617.60659078,253275.79642435
"17",2017-11-08 02:07:35,808249,808001,808250,1.80000049,2.674,12701.40248219,9611.73679078,253264.71062435
"18",2017-11-08 02:07:36,808249,808002,808245,0.71192594,0.7483,12692.5664817,9614.26509325,253264.55962435
"19",2017-11-08 02:07:37,808260,808002,808260,1.66452594,23.45078688,12696.9698817,9601.21609449,253266.06362435
"20",2017-11-08 02:07:38,808002,808002,808260,1.89119135,23.45078688,12690.10734492,9601.21609325,253265.94532435
"21",2017-11-08 02:07:39,808260,808020,808260,2.2,18.74978688,12697.02724532,9591.71509399,253270.64632435
"22",2017-11-08 02:07:40,808260,808020,808260,2.2,18.34978688,12702.09344582,9596.71508928,253271.04632435
"23",2017-11-08 02:07:41,808260,808021,808260,0.6,11.34978688,12712.61164705,9582.13829102,253278.04632435
"24",2017-11-08 02:07:42,808260,808021,808260,1.29592594,9.34878688,12705.05454582,9588.68219102,253255.04732435
"25",2017-11-08 02:07:43,808260,808021,808260,1.29592594,4.85468688,12714.65454631,9584.18809102,253256.97692479
"26",2017-11-08 02:07:44,808288,808022,808288,1.20266541,0.06690789,12710.13721073,9567.40031203,253228.6000169
"27",2017-11-08 02:07:45,808396,808288,808396,2.93109211,0.60500099,12714.33030383,9572.03590365,253229.36892479
"28",2017-11-08 02:07:46,808396,808289,808396,0.6,0.10500099,12731.18430629,9566.73590315,253229.88092479
"29",2017-11-08 02:07:47,808289,808289,808397,0.1,3.86747958,12717.98430555,9574.74590564,253223.14034131
"30",2017-11-08 02:07:48,808289,808289,808318,0.1,0.01,12713.08837887,9572.35590514,253223.14034131
"31",2017-11-08 02:07:49,808820,808507,808820,35.39852042,19.82045115,12749.42899692,9536.03817541,253247.77182089
"32",2017-11-08 02:07:50,808819,808507,808819,35.39852042,0.56800075,12744.13466109,9537.94117765,253248.46516227
"33",2017-11-08 02:07:51,808820,808508,808820,0.6941,19.3224519,12748.00206973,9535.11307864,253245.10264575
"34",2017-11-08 02:07:52,808820,808519,808820,0.22,19.3214519,12747.24176899,9528.61107591,253245.10464575
"35",2017-11-08 02:07:53,808820,808520,808820,1.0152,19.31555124,12749.57866973,9538.80517699,253245.17254941
"36",2017-11-08 02:07:54,808820,808521,808630,0.70392594,0.001,12747.97376983,9537.0265096,253245.20421482
"37",2017-11-08 02:07:55,808630,808522,808644,0.9762,0.01,12731.43576909,9538.63551035,253243.68221482
"38",2017-11-08 02:07:56,808820,808526,808820,0.005,16.89388583,12726.56456859,9536.18251035,253245.88221482
"39",2017-11-08 02:07:57,808723,808526,808644,0.005,3.9525,12728.26686859,9547.63611184,253251.63371487
"40",2017-11-08 02:07:58,808644,808526,808644,0.005,3.9465,12728.16387236,9547.72411973,253256.64021492
"41",2017-11-08 02:07:59,808644,808526,808644,0.005,3.9455,12729.35327236,9540.29311898,253256.61121492
"42",2017-11-08 02:08:00,808644,808525,808644,0.0941,3.9445,12729.45734642,9540.29211898,253253.81261492
"43",2017-11-08 02:08:01,808644,808609,808644,0.01,2.9093,12739.04734691,9538.65691823,253249.55281492
"44",2017-11-08 02:08:02,808644,808609,808644,0.01,2.6093,12738.16394691,9537.02151009,253249.55281492
"45",2017-11-08 02:08:03,808644,808609,808644,0.01,2.5952,12737.47404721,9522.00741009,253249.57281492
"46",2017-11-08 02:08:04,808527,808528,808644,0.2494,1.2277,12730.04753827,9518.45890959,253251.01102217
"47",2017-11-08 02:08:05,808820,808651,808850,0.01,0.02,12725.22414527,9510.63732451,253254.96602267
"48",2017-11-08 02:08:06,808761,808651,808761,0.01,2.198,12720.43747195,9520.9950265,253258.16802267
"49",2017-11-08 02:08:07,808761,808651,808761,0.01,2.198,12716.16117195,9523.56392923,253254.16802267
"50",2017-11-08 02:08:08,808761,808651,808761,0.01,1.678,12733.76817244,9521.68422923,253253.17622381
"51",2017-11-08 02:08:09,808761,808651,808761,0.01,1.66100582,12738.03437244,9510.5983343,253253.19321799
"52",2017-11-08 02:08:10,808651,808651,808761,0.00850053,1.65900582,12738.49896498,9512.0263348,253251.77921632
"53",2017-11-08 02:08:11,808761,808878,808980,33.34099418,0.5,12771.97555892,9507.8882265,253247.70732189
"54",2017-11-08 02:08:12,808980,808879,808980,0.10392594,0.499,12759.69716617,9509.45172576,253247.70252337
"55",2017-11-08 02:08:13,808980,808879,808980,0.41801869,0.499,12754.0781599,9525.39032479,253246.50052119
"56",2017-11-08 02:08:14,808980,808879,808929,0.41801869,0.04,12763.83495941,9520.8365228,253246.17822022
"57",2017-11-08 02:08:15,808980,808880,808929,0.2614,0.04,12744.02726519,9441.10652305,253239.34022337
"58",2017-11-08 02:08:16,808880,808929,808980,0.04,0.419,12759.97925867,9516.01182131,253237.10778139
"59",2017-11-08 02:08:17,808880,808954,808980,0.01,0.419,12759.67586592,9530.38382216,253236.77308139
"60",2017-11-08 02:08:18,808980,808979,808980,0.01,0.9588,12728.27925991,9508.84052387,253236.92728139
"61",2017-11-08 02:08:19,808980,808979,808980,0.01,0.8124,12728.26925917,9508.66412387,253234.00038065
"62",2017-11-08 02:08:20,808980,808979,808980,0.01,1.8124,12726.61655917,9518.84542462,253231.60037992
"63",2017-11-08 02:08:21,808980,808979,808980,0.01,1.78990053,12714.22055942,9529.42292614,253230.34567914
"64",2017-11-08 02:08:22,809000,808979,809000,0.01,4.59240078,12713.61155942,9519.65372664,253228.52907791
"65",2017-11-08 02:08:23,809016,809016,809101,0.39459922,0.006,12729.66876589,9515.94732586,253232.29967796
"66",2017-11-08 02:08:24,809101,809017,809101,0.70392594,0.003,12746.88615864,9518.34432636,253224.30767723
"67",2017-11-08 02:08:25,809101,809083,809101,0.01,0.003,12748.96515888,9507.78432486,253221.19496307
"68",2017-11-08 02:08:26,808879,808879,809101,15.90191962,0.003,12722.46763845,9514.03382486,253223.78996234
"69",2017-11-08 02:08:27,809101,809022,809101,0.005,0.002,12731.59513845,9520.78332536,253216.62913158
"70",2017-11-08 02:08:28,809101,809117,809179,0.008,0.6,12734.99813845,9508.14532585,253214.41895558
"71",2017-11-08 02:08:29,809179,809117,809179,0.008,0.595,12712.30313845,9500.96282536,253213.11895558
"72",2017-11-08 02:08:30,809179,809173,809179,0.01,0.565,12706.60121907,9513.91682536,253213.14895558
"73",2017-11-08 02:08:31,809180,809173,809180,0.01,1.6675,12712.62122055,9543.35892365,253216.13516319
"74",2017-11-08 02:08:32,809106,809106,809180,0.003,1.06749926,12702.34322227,9546.04692345,253211.68125444
"75",2017-11-08 02:08:33,809180,809106,809180,0.003,0.97089926,12708.61222326,9548.97032345,253211.71455544
"76",2017-11-08 02:08:34,809221,809180,809221,0.0433,0.02089926,12712.07752326,9564.7643232,253216.71455544
"77",2017-11-08 02:08:35,808981,809168,809221,0.01,0.02089926,12711.21752326,9561.3383227,253216.96525544
"78",2017-11-08 02:08:36,808981,809168,809221,0.01,0.02089926,12711.79122179,9560.36782345,253216.96525544
"79",2017-11-08 02:08:37,808981,809168,809221,0.01,0.02089926,12711.54622129,9541.51632355,253213.55371486
"80",2017-11-08 02:08:38,809390,809168,809386,0.01,0.22,12712.36802085,9522.37282306,253227.89325519
"81",2017-11-08 02:08:39,809390,809221,809389,0.0208,0.22,12702.23481986,9507.19582182,253226.72565446
"82",2017-11-08 02:08:40,809390,809250,809389,2,0.25,12713.32082085,9507.22582182,253223.054953
"83",2017-11-08 02:08:41,809389,809250,809389,2,0.599,12707.78492012,9506.50292529,253225.05095227
"84",2017-11-08 02:08:42,809251,809251,809389,0.71000098,0.598,12710.59602184,9506.50192529,253225.55195227
"85",2017-11-08 02:08:43,809390,809251,809390,0.71000098,1.61189755,12710.2960211,9507.60192529,253227.55195227
"86",2017-11-08 02:08:44,809390,809390,809391,0.43810245,0.2,12704.16512281,9511.20002848,253229.12274982
"87",2017-11-08 02:08:45,809394,809394,809395,1.2,0.2,12709.49132305,9510.40002848,253229.91274982
"88",2017-11-08 02:08:46,809395,809394,809395,1.2,0.159,12707.2532206,9503.766826,253229.00374982
"89",2017-11-08 02:08:47,809398,809398,809450,0.041,0.106,12707.0892209,9505.8878265,253229.26274982
"90",2017-11-08 02:08:48,809450,809254,809450,0.5284,0.105,12697.45661991,9511.07902625,253224.26374982
"91",2017-11-08 02:08:49,809450,809449,809450,0.01,0.098,12696.29061991,9520.2720265,253218.27094982
"92",2017-11-08 02:08:50,809500,809500,809514,9.8811,0.014,12708.93582065,9512.6980265,253223.38984982
"93",2017-11-08 02:08:51,809555,809500,809555,9.8811,0.68869902,12709.82881967,9509.69602601,253222.6107508
"94",2017-11-08 02:08:52,809555,809501,809555,0.139,0.68569902,12711.85082041,9518.7481275,253225.9017508
"95",2017-11-08 02:08:53,809555,809501,809555,0.139,0.68569902,12721.75682041,9513.35062576,253213.79055055
"96",2017-11-08 02:08:54,809555,809501,809555,0.73900049,0.08569878,12727.20032139,9518.45662627,253212.39055079
"97",2017-11-08 02:08:55,809555,809501,809555,3.13900123,0.08569878,12726.23032139,9508.85662429,253210.39055079
"98",2017-11-08 02:08:56,809500,809500,809555,7.02010123,0.08569878,12719.83032139,9509.95562429,253211.59055079
"99",2017-11-08 02:08:57,809500,809502,809555,0.4319,0.08569878,12718.15442109,9500.68032354,253213.24055079
"100",2017-11-08 02:08:58,809502,809501,809555,1.80000147,0.08569878,12717.07832109,9479.74292354,253213.34555079
"101",2017-11-08 02:08:59,809500,809500,809555,3.37010319,0.07569878,12714.35122158,9479.13292279,253217.35555079
"102",2017-11-08 02:09:00,809554,809490,809554,0.0661,0.143,12710.46971839,9476.35852255,253215.9424631
"103",2017-11-08 02:09:05,810000,810001,810083,0.6,0.01,12728.16039015,9465.51112828,253248.37762017
"104",2017-11-08 02:09:06,810000,810000,810088,1.50390189,0.18,12692.61909664,9472.08113151,253249.81191854
"105",2017-11-08 02:09:07,810088,810000,810088,1.50390189,0.12,12693.51299762,9491.91713165,253249.86861876
"106",2017-11-08 02:09:08,810088,810000,810088,1.50390189,0.118,12692.56419806,9490.42763165,253249.87061876
"107",2017-11-08 02:09:09,810000,810000,810174,0.69290189,0.2319,12691.27219708,9488.88663042,253250.61561876
"108",2017-11-08 02:09:10,810016,810068,810174,0.09,1.64,12688.5681961,9490.68473042,253250.62561876
"109",2017-11-08 02:09:11,810174,810068,810174,0.08,1.635,12674.68249635,9480.39023092,253250.64061876
"110",2017-11-08 02:09:12,810068,810068,810173,0.03,0.36,12668.85719611,9481.49643122,253250.64061876
"111",2017-11-08 02:09:13,810297,810002,810297,1.5911,0.63550034,12669.45309505,9477.03263156,253255.22741842
"112",2017-11-08 02:09:14,810153,810153,810299,0.02,0.51,12666.55199505,9473.17263106,253257.23741842
"113",2017-11-08 02:09:15,810299,810153,810299,0.02,0.509,12668.28309505,9474.17163106,253258.23841842
"114",2017-11-08 02:09:16,810001,810001,810201,1.6511,0.01,12684.92609627,9468.99262883,253255.33841842
"115",2017-11-08 02:09:17,810000,810000,810173,0.61790189,0.218,12663.35339455,9481.31832957,253255.25441842
"116",2017-11-08 02:09:18,810000,809600,810000,0.02,9.00009811,12672.35109511,9493.25912862,253248.52532031
"117",2017-11-08 02:09:19,810000,809600,810000,0.02,9.00009811,12678.10269658,9494.42842892,253248.42032031
"118",2017-11-08 02:09:20,809900,809900,809902,0.003,0.00020044,12679.84879658,9494.97662936,253248.52415315
"119",2017-11-08 02:09:21,809999,809900,809959,0.003,4,12680.16179658,9496.64732886,253248.02515315
"120",2017-11-08 02:09:27,809640,809640,810000,0.514,7.50019855,12678.49719601,9497.09802989,253247.7770681
"121",2017-11-08 02:09:28,809640,809640,809769,0.512,0.01,12687.3791965,9498.60803014,253247.9490681
"122",2017-11-08 02:09:29,809640,809641,809769,0.6,0.01,12690.60919748,9500.15353014,253247.85106882
"123",2017-11-08 02:09:30,809999,809641,809998,0.6,0.3935,12687.2931965,9505.42022717,253247.00374882
"124",2017-11-08 02:09:31,809586,809586,809769,1.11379966,4,12686.6981965,9523.24372717,253251.60571081
"125",2017-11-08 02:09:32,809330,809333,809768,1.20000049,0.6,12665.11419649,9520.93432745,253261.60571081
"126",2017-11-08 02:09:33,809330,809330,809768,0.38320326,0.6,12675.72119625,9529.89852789,253261.60571081
"127",2017-11-08 02:09:34,809330,809334,809768,0.28,0.6,12701.02979723,9534.08692962,253261.60571081
"128",2017-11-08 02:09:35,809330,809334,809767,0.28,0.3267,12693.82979748,9539.08762962,253261.60571081
"129",2017-11-08 02:09:36,809330,809500,809766,1,0.6,12707.52679723,9537.21542869,253261.55571081
"130",2017-11-08 02:09:37,809330,809501,809766,1.80000147,0.6,12709.65569544,9537.21342919,253260.56691147
"131",2017-11-08 02:09:38,809501,809501,809766,1.33970147,0.6,12708.9782947,9537.57073048,253257.00501081
"132",2017-11-08 02:09:39,809766,809501,809766,1.33970147,0.83280045,12701.22061778,9526.7035292,253256.81221036
"133",2017-11-08 02:09:40,809501,809574,809765,0.01,0.2288,12707.85251778,9510.2973292,253256.94221036
"134",2017-11-08 02:09:41,809501,809574,809726,0.01,1.08320044,12707.6228168,9495.36772795,253255.94221036
"135",2017-11-08 02:09:44,809725,809501,809724,0.81000147,0.2203,12699.49462344,9509.09213112,253252.33660962
"136",2017-11-08 02:09:45,809725,809501,809724,0.81000147,0.2203,12697.48462344,9509.77493068,253247.25900962
"137",2017-11-08 02:09:46,809501,809501,809725,2.42000221,0.59100119,12704.07462418,9504.46875916,253248.05900962
"138",2017-11-08 02:09:47,809500,809500,809719,4.58860221,0.005,12700.18522418,9504.97375916,253253.05900962
"139",2017-11-08 02:09:48,809500,809501,809719,1.20000098,0.005,12711.66522516,9503.77435866,253252.95901961
"140",2017-11-08 02:09:49,809501,809634,809719,0.01,0.005,12701.19522516,9576.83436039,253253.15901961
"141",2017-11-08 02:09:50,809634,809501,809719,1.30000147,0.005,12701.78522565,9574.91475999,253253.09201961
"142",2017-11-08 02:09:51,809501,809501,809634,1.50000245,0.01,12694.78522663,9574.3287588,253253.20901961
"143",2017-11-08 02:09:52,809501,809501,809726,0.30000147,1.08320044,12693.58522565,9578.57875979,253254.10901961
"144",2017-11-08 02:09:53,809501,809501,809724,0.70000221,0.9499,12693.98522639,9569.61065906,253256.10901961
"145",2017-11-08 02:09:54,809500,809500,809724,3.28860442,0.9499,12681.38522639,9582.01065981,253258.10901961
"146",2017-11-08 02:09:55,809500,809500,809724,2.38860442,0.9499,12682.71522786,9583.26166199,253263.86522005
"147",2017-11-08 02:09:56,809500,809500,809723,2.38860442,0.39,12682.71522786,9578.851661,253268.40422005
"148",2017-11-08 02:09:57,809500,809500,809587,1.38860442,0.01,12698.04772933,9576.618161,253271.14422005
"149",2017-11-08 02:09:58,809587,809500,809587,1.38860442,0.00850073,12689.23672909,9578.61666173,253272.14571932
"150",2017-11-08 02:09:59,809500,809500,809587,0.38860442,0.00850073,12679.77822884,9575.02675999,253273.14371932
"151",2017-11-08 02:10:00,809500,809500,809505,0.38860442,0.158,12688.64622909,9571.068759,253271.10471932
"152",2017-11-08 02:10:01,809500,809501,809505,0.6633,0.158,12687.85602909,9571.308759,253270.84471932
"153",2017-11-08 02:10:04,809000,808990,809000,0.2,17.24979509,12685.33702344,9591.11995509,253277.72974046
"154",2017-11-08 02:10:05,809000,808990,809000,0.2,17.24979509,12685.55633496,9590.7689539,253277.72974046
"155",2017-11-08 02:10:06,809000,808990,808999,0.2,0.59100119,12692.62893472,9590.63215559,253277.73486856
"156",2017-11-08 02:10:07,808880,808880,808999,4.7932,0.58100119,12684.02183422,9589.04105559,253277.47196856
"157",2017-11-08 02:10:08,808999,808880,808999,4.2932,0.44600119,12690.39983496,9584.32705559,253279.95546849
"158",2017-11-08 02:10:09,808999,808881,808999,0.56,1.46,12681.98083496,9583.88405461,253282.55546947
"159",2017-11-08 02:10:10,808999,808881,808999,0.56,1.22,12689.95483496,9575.55405508,253282.05546947
"160",2017-11-08 02:10:11,808881,808881,808998,0.6,0.24,12694.13183496,9576.48605607,253283.18346947
"161",2017-11-08 02:10:12,809000,808881,808997,2.6,1.6427,12679.33683349,9558.38875632,253283.47346947
"162",2017-11-08 02:10:13,808880,808882,808994,0.9,0.00264,12692.36213619,9564.34179766,253288.70852947
"163",2017-11-08 02:10:14,808998,808882,808998,0.897,0.20864,12692.43013619,9545.84329667,253288.74552947
"164",2017-11-08 02:10:15,808882,808882,808998,0.837,0.20864,12690.54663619,9537.82859692,253288.80552947
"165",2017-11-08 02:10:16,808882,808882,808997,0.835,1.2635,12690.80583619,9537.77895692,253289.21352947
"166",2017-11-08 02:10:17,808882,808882,808996,0.282,1.1436,12690.73233644,9541.42905767,253289.24272947
"167",2017-11-08 02:10:18,809000,808882,809000,0.232,11.8193953,12690.64133644,9535.40405723,253294.99762947
"168",2017-11-08 02:10:19,808882,808880,808882,0.1505,0.39620044,12732.51183644,9524.44935419,253297.38462947
"169",2017-11-08 02:10:20,809000,808880,809000,0.1505,2.51559574,12727.9476357,9515.74335419,253307.38462947
"170",2017-11-08 02:10:21,809000,808880,809000,0.1505,2.51559574,12727.9437357,9516.46595433,253308.73237557
"171",2017-11-08 02:10:22,809000,808881,808882,1.0921,2,12729.0668357,9519.09595433,253308.73237557
"172",2017-11-08 02:10:23,808882,808881,808882,1.0921,1.70650063,12725.97752319,9533.22185353,253297.67587494
"173",2017-11-08 02:10:24,808881,808881,808994,0.6721,0.71370087,12727.24783497,9527.07205377,253300.1386747
"174",2017-11-08 02:10:25,808881,808960,808994,0.5,0.71370087,12729.9119357,9522.97205551,253300.1386747
"175",2017-11-08 02:10:26,809349,809150,809349,0.003,5.25500174,12733.95993983,9528.60775915,253303.30747131
"176",2017-11-08 02:10:27,809150,809000,809065,0.30120339,0.007,12725.64543934,9537.92275915,253303.25247131
"177",2017-11-08 02:10:28,809150,809005,809065,0.005,0.007,12724.24193934,9529.13976064,253303.25067185
"178",2017-11-08 02:10:29,809150,809005,809065,0.005,0.007,12720.69373762,9524.9100599,253300.36087185
"179",2017-11-08 02:10:30,809150,809005,809065,0.005,0.007,12723.61117867,9522.0563599,253300.15587185
"180",2017-11-08 02:10:31,809150,809005,809065,0.505,0.007,12733.47507916,9513.07635965,253299.91587185
"181",2017-11-08 02:10:32,809065,809006,809023,1.8885,0.158,12724.24597841,9504.04475866,253299.43487185
"182",2017-11-08 02:10:33,809065,809007,809023,0.6,0.158,12724.66337841,9525.24475941,253299.18487185
"183",2017-11-08 02:10:34,809023,809005,809348,0.5,0.12,12721.81215777,9529.60545941,253299.34287185
"184",2017-11-08 02:10:35,809065,809065,809346,0.3,0.5191,12723.32293737,9534.61755866,253299.23787185
"185",2017-11-08 02:10:36,809006,809005,809152,0.5,0.01,12723.75843663,9548.72245866,253299.87287185
"186",2017-11-08 02:10:37,809006,809066,809152,1.7784,0.01,12667.07683737,9550.49845866,253293.87287185
"187",2017-11-08 02:10:38,809152,809067,809152,0.33,0.004,12684.82543785,9559.11745866,253293.49787185
"188",2017-11-08 02:10:39,809152,809067,809152,1.5395,0.004,12683.71115825,9571.51035965,253293.44607209
"189",2017-11-08 02:10:40,809152,809068,809152,0.26,0.004,12684.59065825,9572.19823092,253293.34607209
"190",2017-11-08 02:10:41,809152,809068,809152,0.26,0.004,12679.72115751,9552.53273018,253293.34607209
"191",2017-11-08 02:10:42,809152,809006,809068,0.26,0.26,12681.17280431,9538.27233068,253293.04607209
"192",2017-11-08 02:10:43,809152,809006,809068,0.26,0.26,12661.60580407,9537.15633068,253291.07967209
"193",2017-11-08 02:10:44,809152,809006,809152,0.26,0.004,12664.34330407,9536.38882933,253292.03967209
"194",2017-11-08 02:10:45,809067,809006,809067,0.26,0.2694,12672.19810167,9518.03802954,253292.19017209
"195",2017-11-08 02:10:46,809345,809006,809345,0.26,0.2701,12673.69810167,9524.44473078,253292.59017209
"196",2017-11-08 02:10:47,809345,809006,809344,0.26,0.1525,12662.21810044,9524.65723078,253292.99017209
"197",2017-11-08 02:10:48,809345,809006,809344,0.26,0.1525,12669.59410216,9523.3053288,253288.99017209
"198",2017-11-08 02:10:49,809346,809006,809346,0.26,18.25250299,12640.33400216,9523.8053288,253287.49017209
"199",2017-11-08 02:10:50,809346,809006,809346,0.56,17.82880299,12639.56430216,9523.0826291,253288.08763978
"200",2017-11-08 02:10:51,809346,809007,809076,0.6,0.003,12649.59330364,9521.45682835,253288.08763978
"201",2017-11-08 02:10:52,809346,809006,809076,0.12,0.003,12651.4953029,9524.88463033,253287.98763978
"202",2017-11-08 02:10:53,809005,808998,809005,0.00479974,1.155,12678.02130339,9525.73183033,253291.73463978
"203",2017-11-08 02:10:54,809005,808998,809005,0.00479974,0.905,12688.32130438,9524.48182934,253291.57663978
"204",2017-11-08 02:10:55,809005,808998,809005,0.00479974,0.625,12688.32130438,9516.90182983,253291.83363978
"205",2017-11-08 02:10:56,808906,808906,809005,0.60479974,0.625,12692.92230438,9526.60183033,253291.01963978
"206",2017-11-08 02:10:57,808906,808906,809005,0.20479974,0.625,12694.07100438,9527.28183033,253291.31783982
"207",2017-11-08 02:10:58,808552,808552,809005,0.68390666,0.625,12691.77100438,9527.60183033,253293.31783982
"208",2017-11-08 02:10:59,808712,808546,808906,0.22,0.4234,12668.82128924,9527.65861946,253295.44783982
"209",2017-11-08 02:11:00,808546,808553,808780,1.5517,0.1,12669.96767772,9522.83021871,253296.24063597
"210",2017-11-08 02:11:01,808780,808553,808780,1.5517,0.09820054,12670.18998924,9525.45751926,253296.84243543
"211",2017-11-08 02:11:02,808779,808544,808779,0.1,0.5007,12666.1382885,9509.85821826,253298.26743543
"212",2017-11-08 02:11:03,808500,808500,808537,3.42145832,0.7796,12659.72328747,9517.27411678,253297.40443543
"213",2017-11-08 02:11:04,808500,808500,808537,2.02145832,0.7796,12660.03978895,9526.10651641,253298.10443543
"214",2017-11-08 02:11:05,808384,808384,808500,0.04145832,0.1751,12665.75778825,9526.00801563,253300.85333543
"215",2017-11-08 02:11:06,808380,808380,808499,0.05825832,0.21836464,12674.22265964,9527.08727953,253299.64713543
"216",2017-11-08 02:11:07,808499,808380,808499,0.05825832,0.21076594,12676.51586006,9536.40928067,253294.26473413
"217",2017-11-08 02:11:08,808499,808380,808499,0.05825832,0.00076594,12678.31205921,9371.35427926,253294.47473413
"218",2017-11-08 02:11:09,808378,808378,808379,0.11965832,0.1658,12673.18545897,9370.86547604,253294.80933457
"219",2017-11-08 02:11:10,808400,808378,808400,0.11965832,1.0658,12654.64335848,9370.23007574,253295.87933457
"220",2017-11-08 02:11:11,808378,808378,808400,0.03575832,1.06280002,12654.12215848,9369.55007576,253295.85898581
"221",2017-11-08 02:11:12,808378,808377,808378,0.2,0.00714168,12654.5957648,9362.17221669,253295.91474413
"222",2017-11-08 02:11:13,808377,808376,808377,0.2,2.8,12653.4927648,9355.07221669,253296.01474413
"223",2017-11-08 02:11:15,808376,808338,808376,0.03,0.4,12657.35676454,9351.41607531,253295.25268413
"224",2017-11-08 02:11:16,808376,808338,808376,0.03,0.39820004,12659.59326454,9350.33647533,253295.01028409
"225",2017-11-08 02:11:17,808376,808338,808373,0.03,0.19,12659.37726454,9360.72047049,253295.00878512
"226",2017-11-08 02:11:18,808176,808176,808373,0.508,0.19,12674.02696552,9359.26137049,253295.50878512
"227",2017-11-08 02:11:19,808363,808190,808358,1,0.003,12665.08916504,9373.34757093,253295.57258508
"228",2017-11-08 02:11:20,808363,808190,808358,1,0.003,12660.97216406,9358.34857577,253295.33553508
"229",2017-11-08 02:11:21,807915,807915,808000,0.015,8.01713536,12654.03929942,9365.36271113,253302.46839972
"230",2017-11-08 02:11:22,807787,807787,808000,0.085,8.00713536,12655.43649942,9363.07301416,253302.60839972
"231",2017-11-08 02:11:23,807733,807733,807995,0.008,0.005,12652.85609868,9365.15664818,253302.63839972
"232",2017-11-08 02:11:24,807738,807738,807994,1.49,0.21836464,12652.48519942,9372.42896112,253303.14839972
"233",2017-11-08 02:11:25,807700,807700,807994,2.5457075,0.21836464,12643.48620525,9373.0549746,253313.34739488
"234",2017-11-08 02:11:26,807738,807700,807738,2.5457075,0.252,12649.89920623,9366.91677464,253313.09739388
"235",2017-11-08 02:11:27,807738,807701,807738,0.3818,0.242,12659.71400722,9371.70077464,253312.69169388
"236",2017-11-08 02:11:28,807738,807700,807738,2.5457075,0.242,12655.33720722,9366.37577464,253311.69169388
"237",2017-11-08 02:11:29,807700,807716,807738,0.2,0.242,12646.17830622,9366.37077464,253312.18969388
"238",2017-11-08 02:11:30,807683,807674,807683,0.014,3.43609252,12647.87729898,9369.4835028,253315.37860136
"239",2017-11-08 02:11:31,807683,807650,807683,11.734,2.05889252,12646.19549799,9369.75478097,253313.85780136
"240",2017-11-08 02:11:32,808000,807683,808000,0.1926,6.25306998,12635.97069799,9366.14778196,253329.85680136
"241",2017-11-08 02:11:33,808000,807650,808000,1.734,6.25306998,12635.45009799,9358.18378101,253329.85680136
"242",2017-11-08 02:11:34,808376,807650,808376,1.734,5.97027172,12633.05009725,9360.95298176,253325.00380136
"243",2017-11-08 02:11:35,808376,807650,807999,1.734,0.59820004,12627.96009701,9369.3271818,253324.00380136
"244",2017-11-08 02:11:36,808376,807766,808375,0.461,1.2179,12630.88369701,9358.0180818,253329.70380136
"245",2017-11-08 02:11:37,807988,807767,807988,0.81665182,0.00280035,12636.73334907,9368.07888215,253324.70900153
"246",2017-11-08 02:11:38,808540,808541,808583,0.179,0.002,12639.58417645,9373.30771004,253330.94611949
"247",2017-11-08 02:11:39,808540,808540,808674,0.86792615,0.58680025,12638.43927522,9373.92551128,253330.30722048
"248",2017-11-08 02:11:40,808674,808540,808674,0.86792615,0.48680025,12639.28107432,9358.81951054,253330.69722048
"249",2017-11-08 02:11:41,807767,807767,808581,1.25425182,0.01,12675.01444842,9342.50451129,253311.84161708
"250",2017-11-08 02:11:42,807767,807767,808581,0.44925107,0.01,12681.72844718,9333.77051129,253311.44661686
"251",2017-11-08 02:11:43,807767,807767,808375,0.94225107,0.676,12678.49844694,9329.49251129,253311.37698024
"252",2017-11-08 02:11:44,808375,807768,808374,1.20000049,0.6,12678.71844743,9353.18515812,253293.1711955
"253",2017-11-08 02:11:45,808375,808133,808373,0.01,0.39,12678.10434743,9352.81315812,253293.1661955
"254",2017-11-08 02:11:46,808375,808133,808373,0.01,0.9046,12688.53669784,9354.80165787,253290.40699484
"255",2017-11-08 02:11:47,808375,808133,808372,0.01,0.5031,12691.87209767,9355.62195787,253290.40699484
"256",2017-11-08 02:11:48,808133,808000,808325,0.10200008,0.0731,12692.7034628,9355.19195837,253287.36549507
"257",2017-11-08 02:11:49,808000,808000,808227,0.09900008,0.01,12694.5325633,9352.60195762,253287.35849435
"258",2017-11-08 02:11:50,808581,808000,808580,0.09900008,0.6,12671.29926108,9361.12885936,253287.21399435
"259",2017-11-08 02:11:51,808580,808000,808484,0.09900008,0.0731,12678.38956132,9362.8932135,253287.22099435
"260",2017-11-08 02:11:52,808000,807870,808000,0.6,14.42099992,12679.58756075,9376.58491193,253287.79999443
"261",2017-11-08 02:11:53,808000,807870,808000,0.597,13.22099992,12679.91826075,9376.3469861,253288.30299443
"262",2017-11-08 02:11:54,808000,807868,807999,1,1.0307,12679.33946189,9381.26355724,253288.32299443
"263",2017-11-08 02:11:55,808000,808000,808360,5.53110052,0.0477,12702.24856492,9371.08655682,253300.66531931
"264",2017-11-08 02:11:56,808000,808001,808360,1.5398,0.0477,12692.66958434,9371.28885652,253300.76531931
"265",2017-11-08 02:11:57,808000,808001,808155,1.5398,0.01,12701.67958409,9386.15088235,253299.63286978
"266",2017-11-08 02:11:58,808000,808001,808155,1.5398,0.01,12701.60258409,9385.70198235,253299.49006978
"267",2017-11-08 02:11:59,808000,808000,808155,5.23110052,0.01,12702.27170464,9384.30388235,253299.19466978
"268",2017-11-08 02:12:00,808000,808001,808155,0.06,0.01,12701.81380415,9388.09799674,253299.19466978
"269",2017-11-08 02:12:01,808000,808001,808155,0.597,0.01,12700.55080415,9385.74239674,253298.69466978
"270",2017-11-08 02:12:02,808000,808001,808155,0.597,0.01,12696.55980415,9386.04339824,253299.09336978
"271",2017-11-08 02:12:03,808000,808001,808155,0.597,0.01,12696.77180415,9380.37339725,253297.49336978
"272",2017-11-08 02:12:04,808001,808001,808549,0.59520044,0.26831439,12699.57300465,9384.78439725,253290.69516934
"273",2017-11-08 02:12:05,808560,808378,808441,0.00149937,0.0731,12691.1769028,9384.08918286,253291.19516934
"274",2017-11-08 02:12:06,808560,808378,808550,0.00149937,0.17,12705.28170309,9384.51608286,253291.96306934
"275",2017-11-08 02:12:07,808560,808378,808560,0.00149937,7.18,12696.65600378,9386.33248286,253291.66306934
"276",2017-11-08 02:12:08,808560,808378,808441,0.00149937,0.0731,12705.01110402,9386.59858286,253291.66306934
"277",2017-11-08 02:12:09,808559,808427,808559,0.05,0.2561,12704.74110451,9385.10158385,253292.09006934
"278",2017-11-08 02:12:10,808560,808427,808559,0.05,0.6,12698.65540402,9385.30158385,253290.99006934
"279",2017-11-08 02:12:11,808560,808427,808460,0.05,0.0034,12695.84760477,9381.10888385,253285.93706934
"280",2017-11-08 02:12:12,808560,808427,808460,0.05,0.0034,12696.668485,9371.8088831,253281.67506934
"281",2017-11-08 02:12:16,808427,808427,808440,0.04,1.2,12706.39489578,9369.89837747,253267.75020046
"282",2017-11-08 02:12:17,808427,808427,808440,0.03820014,1.2,12694.76439601,9370.09837747,253267.75200032
"283",2017-11-08 02:12:18,808427,808060,808427,0.0212148,0.96179986,12704.34719646,9369.54247733,253269.30790046
"284",2017-11-08 02:12:19,808427,808060,808427,0.0212148,0.46179986,12706.24969602,9405.54587808,253256.52790046
"285",2017-11-08 02:12:20,808427,808060,808427,0.0212148,0.45829913,12708.8948967,9404.93897735,253256.00606603
"286",2017-11-08 02:12:21,808427,808060,808427,0.0212148,0.45829913,12707.35719645,9405.95897735,253235.98606603
"287",2017-11-08 02:12:22,808427,808060,808427,0.0212148,0.45829913,12709.79829669,9405.08787735,253235.97306603
"288",2017-11-08 02:12:23,808427,808060,808427,0.0212148,0.45829913,12701.37469576,9404.50287735,253235.97306603
"289",2017-11-08 02:12:24,808427,808427,808440,0.52990151,1.2,12697.56469665,9404.57677756,253236.44316452
"290",2017-11-08 02:12:25,808427,808428,808440,0.59520044,1.2,12696.95989685,9404.57677756,253236.44316452
"291",2017-11-08 02:12:26,808427,808428,808440,0.59520044,1.8,12696.95279685,9406.79077756,253235.44316452
"292",2017-11-08 02:12:27,808440,808428,808440,0.59520044,1.75,12696.78279685,9405.74077756,253235.49316452
"293",2017-11-08 02:12:28,808428,808428,808440,0.58920044,0.6,12696.77779685,9418.15677756,253233.25916452
"294",2017-11-08 02:12:29,808428,808428,808440,0.58920044,0.6,12694.47779685,9425.81177756,253231.25916452
"295",2017-11-08 02:12:30,808428,808428,808441,0.58620044,1.8519,12694.20619784,9427.88937707,253228.83468923
"296",2017-11-08 02:12:31,808427,808427,808441,0.11610195,0.8519,12693.98669834,9430.14277737,253230.42688987
"297",2017-11-08 02:12:32,808580,808440,808580,0.00179976,1.6619,12704.87619859,9437.14777737,253231.42688987
"298",2017-11-08 02:12:33,808580,808440,808580,0.00179976,1.6579,12707.77629829,9449.80187783,253231.43068147
"299",2017-11-08 02:12:34,808580,808440,808580,0.00179976,0.6,12706.47629829,9431.51497783,253230.35068147
"300",2017-11-08 02:12:35,808427,808060,808427,0.0212148,1.49579829,12708.41659682,9411.87547463,253232.70488318
"301",2017-11-08 02:12:36,808427,808060,808427,0.0212148,1.49659774,12712.33959781,9423.62027632,253232.70888318
"302",2017-11-08 02:12:37,808427,808060,808426,0.0212148,0.6,12713.62919775,9414.95157632,253232.72271131
"303",2017-11-08 02:12:38,808007,808007,808425,1.25401697,0.6,12695.22939653,9414.18557632,253234.17271131
"304",2017-11-08 02:12:39,808011,808306,808421,0.05,0.005,12697.55549653,9441.20657632,253232.16971131
"305",2017-11-08 02:12:40,808011,808329,808421,0.0022,0.005,12697.56119653,9441.18277676,253230.87461131
"306",2017-11-08 02:12:41,808426,808306,808426,0.05,1.11120044,12689.28799653,9441.95277676,253231.24461131
"307",2017-11-08 02:12:42,808426,808306,808426,0.05,1.11120044,12688.84299579,9441.95277676,253231.24461131
"308",2017-11-08 02:12:43,808426,808421,808426,0.00179986,1.11120044,12692.68679565,9431.13487656,253231.14281131
"309",2017-11-08 02:12:44,808426,808421,808426,0.00179986,1.61120044,12712.7514804,9432.18487581,253231.14281131
"310",2017-11-08 02:12:45,808581,808421,808581,0.00179986,3.14779818,12713.63328114,9427.08487581,253236.12101131
"311",2017-11-08 02:12:46,808581,808421,808425,0.00179986,0.58220044,12720.66498108,9429.08527625,253236.12101131
"312",2017-11-08 02:12:47,808581,808421,808425,0.00179986,0.58220044,12737.26618108,9427.885276,253236.12101131
"313",2017-11-08 02:12:48,808425,808421,808425,0.00179986,0.56139997,12736.05418084,9430.06447578,253236.09991178
"314",2017-11-08 02:12:49,808425,808421,808581,0.00179986,3.14779818,12717.82677989,9439.68907731,253236.09991178
"315",2017-11-08 02:12:50,808425,808421,808580,0.00179986,1.2009,12722.23758013,9440.88997731,253236.09991178
"316",2017-11-08 02:12:51,808425,808421,808581,0.00179986,3.14779818,12717.43607989,9468.38907731,253235.99991178
"317",2017-11-08 02:12:52,808425,808421,808427,0.00179986,0.1,12719.30608013,9468.48907731,253235.99811262
"318",2017-11-08 02:12:53,808427,808421,808427,0.00179986,0.0979,12719.24688013,9463.68697632,253236.00021262
"319",2017-11-08 02:12:54,808427,808422,808427,0.0021,0.0979,12727.96898013,9467.59297706,253236.00021262
"320",2017-11-08 02:12:55,808427,808422,808427,0.0021,0.0879,12730.45778087,9468.79697731,253235.96021262
"321",2017-11-08 02:12:56,808427,808421,808427,0.00179986,0.0879,12725.96488013,9470.18467731,253235.98021262
"322",2017-11-08 02:12:57,808427,808421,808427,0.00179986,0.0879,12727.77488013,9469.09697731,253234.78021262
"323",2017-11-08 02:12:58,808427,808421,808427,0.00179986,0.0879,12724.49597892,9459.49797686,253226.58021262
"324",2017-11-08 02:12:59,808581,808421,808581,0.00179986,2.23569818,12727.50978062,9458.31887686,253226.38021262
"325",2017-11-08 02:13:00,808581,808443,808581,0.183,2.23569818,12725.48278087,9457.71887611,253226.38021262
"326",2017-11-08 02:13:01,808443,808443,808487,0.1313,0.01,12725.69288172,9643.22887536,253226.33191262
"327",2017-11-08 02:13:02,808580,808443,808580,0.1313,0.3809,12726.36288172,9645.99977561,253210.31291191
"328",2017-11-08 02:13:03,808580,808443,808580,0.1313,0.37910054,12728.30288073,9645.27677615,253207.62663739
"329",2017-11-08 02:13:04,808580,808443,808581,0.1313,2.23569818,12727.11688026,9650.89767587,253207.61663739
"330",2017-11-08 02:13:05,808580,808425,808580,0.00179986,0.48,12727.93738197,9676.3776786,253207.25563739
"331",2017-11-08 02:13:06,808580,808425,808580,0.00179986,0.26,12724.67948197,9676.1606801,253205.29183973
"332",2017-11-08 02:13:07,808580,808425,808580,0.00179986,0.2,12728.67548197,9675.5006801,253202.85183924
"333",2017-11-08 02:13:08,808580,808425,808581,0.00179986,2.23569818,12719.04548148,9665.7006796,253201.65183924
"334",2017-11-08 02:13:09,808580,808425,808553,0.00179986,0.0497,12721.87038074,9656.32037885,253201.53943924
"335",2017-11-08 02:13:10,808580,808425,808553,0.00179986,0.0497,12718.77438074,9665.76437984,253181.43943924
"336",2017-11-08 02:13:11,808580,808425,808553,0.00179986,0.0497,12714.90238098,9666.35837984,253164.51943924
"337",2017-11-08 02:13:12,808580,808426,808553,0.00149927,0.0497,12725.17808025,9663.95838034,253124.31943924
"338",2017-11-08 02:13:13,808580,808426,808553,0.00149927,0.0497,12722.29127965,9665.94477854,253094.29603924
"339",2017-11-08 02:13:14,808426,808425,808426,1.5,0.37370026,12738.80175487,9668.73788,253053.97233898
"340",2017-11-08 02:13:15,808427,808425,808427,1.493,0.37370026,12738.23255487,9666.30787925,253029.94933898
"341",2017-11-08 02:13:16,808427,808427,808553,0.40329974,0.0497,13177.0588556,9665.65417875,252989.07221206
"342",2017-11-08 02:13:17,808427,808428,808579,0.6,0.28,13182.99895586,9665.31607875,252944.85981206
"343",2017-11-08 02:13:18,808462,808462,808580,0.0415,1,13160.60745438,9664.06397875,252919.06823717
"344",2017-11-08 02:13:19,808462,808462,808579,0.0415,1.5987,13136.26465438,9664.935379,252905.06673712
"345",2017-11-08 02:13:20,808462,808425,808426,1.493,0.9585,13155.02315414,9665.48517876,252901.72053654
"346",2017-11-08 02:13:21,808462,808425,808426,1.493,0.9585,13158.78415364,9654.49487726,252869.47153547
"347",2017-11-08 02:13:22,808462,808425,808426,1.493,0.9585,13149.27485315,9653.87987726,252859.84081109
"348",2017-11-08 02:13:23,808426,808425,808426,1.473,0.4085,13161.25485314,9654.08397576,252859.43843509
"349",2017-11-08 02:13:24,808007,808007,808426,0.893433,0.0085,13162.42715314,9653.40497725,252861.30388709
"350",2017-11-08 02:13:25,808577,808008,808579,0.25,1.3709,13158.55705163,9655.407278,252856.78238727
"351",2017-11-08 02:13:26,808579,808430,808463,0.005,0.593,13158.86205163,9664.97127825,252855.08938727
"352",2017-11-08 02:13:27,808000,808001,808458,0.25,1,13154.11205163,9662.0100778,252838.58938727
"353",2017-11-08 02:13:28,808000,808001,808457,0.22,1.9817,13153.65105114,9661.1600778,252837.93638727
"354",2017-11-08 02:13:29,808000,808002,808458,0.6,1,13149.27465139,9656.72227755,252834.62330727
"355",2017-11-08 02:13:30,808456,808003,808426,0.22,1,13147.42665188,9661.74397903,252831.90100727
"356",2017-11-08 02:13:31,808457,808254,808457,0.01,0.8817,13154.16865262,9667.76097953,252831.62330722
"357",2017-11-08 02:13:36,808254,808254,808451,0.0035,0.005,13148.85795188,9684.93269718,252812.58757284
"358",2017-11-08 02:13:37,808254,808295,808451,0.167,0.005,13149.34495188,9685.81269817,252812.58757284
"359",2017-11-08 02:13:38,808038,808040,808450,0.6,0.21672018,13157.81275188,9687.15269817,252813.08659284
"360",2017-11-08 02:13:39,808254,808041,808254,0.23,0.48,13147.24475114,9674.92769817,252812.37659284
"361",2017-11-08 02:13:40,808041,808041,808254,0.0469,0.48,13153.73475114,9677.36869794,252806.2586523
"362",2017-11-08 02:13:41,808041,808038,808249,1.06050049,0.005,13149.48785139,9679.54559883,252802.16891211
"363",2017-11-08 02:13:42,808041,808038,808050,1.66050073,0.003,13169.28785286,9677.48360065,252802.05891211
"364",2017-11-08 02:13:43,808041,808042,808050,0.6,0.003,13160.20785237,9668.37259826,252801.31891186
"365",2017-11-08 02:13:44,808041,808042,808049,0.6,0.21672018,13149.72735213,9668.26499801,252786.22891186
"366",2017-11-08 02:13:45,808041,808039,808049,0.3,0.21672018,13161.00915336,9677.08965091,252768.58223186
"367",2017-11-08 02:13:46,808049,808039,808049,0.3,0.00502018,13160.00915312,9676.98382508,252760.60213137
"368",2017-11-08 02:13:47,808050,808069,808253,0.00197982,0.6,13160.16113294,9676.31067907,252754.16936145
"369",2017-11-08 02:13:48,808253,808071,808253,0.01,0.6989,13166.00273244,9678.91677917,252748.1495515
"370",2017-11-08 02:13:49,808253,808186,808253,0.01,0.6944,13165.99273244,9675.15177818,252735.1490515
"371",2017-11-08 02:13:50,808253,808186,808253,0.01,0.6944,13165.60676396,9673.12677744,252734.6980515
"372",2017-11-08 02:13:51,808253,808186,808253,0.01,0.6944,13166.58376396,9678.61577743,252727.69620896
"373",2017-11-08 02:13:52,808253,808186,808253,0.01,0.6944,13166.58376396,9678.47627818,252727.68620896
"374",2017-11-08 02:13:55,808253,808253,808426,0.3656,1,13171.22286566,9673.11287942,252724.38760799
"375",2017-11-08 02:13:56,808253,808253,808424,0.2656,0.0944,13171.32846566,9672.90727942,252721.04600799
"376",2017-11-08 02:13:57,808253,808258,808424,1,0.0944,13166.76346542,9672.50727918,252722.19068688
"377",2017-11-08 02:13:58,808253,808259,808426,0.5,1,13165.75786542,9683.15567968,252720.13048772
"378",2017-11-08 02:13:59,808253,808259,808426,1.1,1,13164.55686542,9689.26688018,252718.7347165
"379",2017-11-08 02:14:00,808426,808259,808426,1.1,0.99820014,13164.85886542,9685.48507958,252717.73651636
"380",2017-11-08 02:14:01,808426,808259,808426,1.1,0.99820014,13164.95886542,9690.33507983,252717.73651636
"381",2017-11-08 02:14:02,808426,808259,808353,1.1,0.002,13168.45886566,9690.93708082,252717.27461636
"382",2017-11-08 02:14:03,808259,808259,808426,1.094,0.99820014,13166.39256396,9680.05528022,252717.04261636
"383",2017-11-08 02:14:04,808426,808259,808426,1.094,0.99370014,13166.15413096,9671.48147947,252716.04711636
"384",2017-11-08 02:14:05,808426,808367,808425,0.01,0.106,13165.26403096,9680.04047997,252714.86321636
"385",2017-11-08 02:14:06,808426,808367,808425,0.01,3.376567,13167.6640317,9706.88234796,252713.36321514
"386",2017-11-08 02:14:07,808426,808367,808425,0.01,3.676567,13158.56403195,9711.31634796,252710.65221297
"387",2017-11-08 02:14:08,808426,808367,808425,0.01,3.570567,13169.66403343,9714.38834796,252706.47321297
"388",2017-11-08 02:14:09,808425,808367,808425,0.01,2.370567,13168.78513244,9712.88134746,252706.69321297
"389",2017-11-08 02:14:10,808258,808258,808425,0.08700074,1.71656578,13162.13617472,9711.41334624,252709.41831419
"390",2017-11-08 02:14:11,808426,808435,808559,2.09173531,1,13158.39820929,9683.09337759,252713.92767214
"391",2017-11-08 02:14:12,808559,808435,808558,0.09173531,0.4,13147.6542088,9675.53337834,252715.94231452
"392",2017-11-08 02:14:13,808472,808435,808472,0.09173531,0.009,13146.50420929,9670.48537684,252715.94331452
"393",2017-11-08 02:14:14,808472,808436,808472,0.6,0.008,13152.00420953,9662.75737808,252715.40301452
"394",2017-11-08 02:14:15,808001,808001,808471,3.59773555,0.43828504,13149.40420904,9663.25566312,252707.30301452
"395",2017-11-08 02:14:16,808001,808002,808378,1.146,0.474,13151.35765444,9668.22966486,252700.30301452
"396",2017-11-08 02:14:17,808001,808002,808377,0.106,0.494,13154.44265394,9669.00366486,252700.30301452
"397",2017-11-08 02:14:18,808471,808438,808471,0.23200049,0.33728504,13162.25605517,9666.97819069,252696.37891631
"398",2017-11-08 02:14:19,808438,808215,808426,0.01,0.76799951,13164.89800018,9679.86619045,252696.51191816
"399",2017-11-08 02:14:20,808426,808351,808426,0.05,0.72699951,13164.94800018,9680.83474567,252692.74791791
"400",2017-11-08 02:14:21,808471,808351,808470,0.05,0.11714252,13164.79200018,9680.42860364,252693.5682184
"401",2017-11-08 02:14:22,808470,808351,808470,0.05,0.01714252,13152.09900068,9676.23460315,252691.10821791
"402",2017-11-08 02:14:23,808559,808351,808588,0.05,0.4,13156.08900068,9684.68345988,252687.87836043
"403",2017-11-08 02:14:24,808887,808352,808886,0.03,0.58,13150.34900068,9682.12037388,252694.20644791
"404",2017-11-08 02:14:25,808461,808026,808461,0.507,0.989,13152.80770068,9677.44907289,252693.28724597
"405",2017-11-08 02:14:26,808026,808113,808426,0.549,0.23569818,13148.02050018,9684.16397281,252687.90894597
"406",2017-11-08 02:14:27,808426,808263,808425,0.01,0.3,13152.15035864,9684.83797306,252687.50994597
"407",2017-11-08 02:14:28,808425,808263,808425,0.01,0.289,13152.57535864,9684.27357281,252687.50894597
"408",2017-11-08 02:14:29,808887,808263,808887,0.01,3.50300017,13156.83467783,9682.39497356,252692.11498645
"409",2017-11-08 02:14:30,808116,808116,808887,2.63000123,1.00200017,13157.03467783,9684.40797455,252694.74798645
"410",2017-11-08 02:14:31,808888,808888,808928,0.27308532,0.03,13151.54016291,9682.57226062,252696.35490113
"411",2017-11-08 02:14:32,808949,808888,808949,1.55248532,0.4300005,13168.03966364,9663.07225963,252697.55498113
"412",2017-11-08 02:14:33,809199,808888,809199,1.54048624,8.69099955,13167.96036456,9658.07665963,252702.99331688
"413",2017-11-08 02:14:34,808988,808988,809580,3.79999975,8.2757003,13177.58036456,9634.37665963,252727.90326141
"414",2017-11-08 02:14:35,808988,808988,809151,3.74299873,8.66607385,13180.32610612,9663.84273521,252729.17201517
"415",2017-11-08 02:14:36,809151,808993,809151,0.005,4.64607385,13171.63730588,9648.8337346,252733.87381393
"416",2017-11-08 02:14:37,809151,808993,809151,0.005,3.47717385,13173.96120588,9649.16483485,252735.02271393
"417",2017-11-08 02:14:38,809151,808993,809151,0.005,3.29717385,13177.75520514,9649.99893535,252735.09728733
"418",2017-11-08 02:14:39,809151,808989,809150,1.2,0.28,13174.6052189,9659.69403734,252735.77938733
"419",2017-11-08 02:14:40,809151,808990,809151,0.3036,2.61637385,13176.76581988,9667.78853759,252736.16457994
"420",2017-11-08 02:14:41,809389,808994,809389,0.005,2.6163746,13176.52821988,9664.00673809,252739.04182794
"421",2017-11-08 02:14:42,809389,808994,809389,0.0117,1.4754746,13179.13492062,9663.13583809,252741.54182794
"422",2017-11-08 02:14:43,808994,808994,809312,0.00990024,0.0709,13178.83111902,9662.32873745,252740.9556277
"423",2017-11-08 02:14:44,809579,808994,809579,0.0067,1.78397435,13181.50671976,9659.87954297,252742.6268277
"424",2017-11-08 02:14:45,809110,809110,809577,0.4895,0.3893,13181.99721986,9650.66884099,252742.3532797
"425",2017-11-08 02:14:46,809110,809189,809578,0.006,0.3929,13179.07051986,9644.54064,252732.2421797
"426",2017-11-08 02:14:47,809870,809189,809589,0.006,0.006,13168.34079407,9629.09759151,252753.1940797
"427",2017-11-08 02:14:48,809870,809189,809504,0.006,0.01,13167.88279457,9628.55199017,252745.8680797
"428",2017-11-08 02:14:49,809504,809189,809504,0.006,0.00320006,13171.96419481,9640.74288975,252744.81107195
"429",2017-11-08 02:14:50,809504,809252,809504,0.0039,0.00320006,13170.39509334,9642.28088827,252744.31107195
"430",2017-11-08 02:14:51,809252,809252,809504,0.00240053,0.00320006,13167.3423939,9643.97088852,252744.31257142
"431",2017-11-08 02:14:52,809504,809252,809504,0.00240053,0.00220006,13168.54339565,9644.00088882,252741.22586941
"432",2017-11-08 02:14:53,809557,809557,809562,0.00069986,0.04,13168.44459368,9645.99228848,252741.91606947
"433",2017-11-08 02:14:54,809113,809113,809860,0.71612294,1,13180.60511627,9603.87028852,252790.83994639
"434",2017-11-08 02:14:55,809860,809567,809860,0.779,0.97,13190.96099382,9581.74028852,252790.86994639
"435",2017-11-08 02:14:56,809114,809114,809504,0.13320046,0.5,13145.43819428,9578.89128926,252792.7253611
"436",2017-11-08 02:14:57,809114,809113,809189,1.4493,0.00599985,13148.4542948,9579.74488911,252791.33602642
"437",2017-11-08 02:14:58,809189,809332,809504,0.08820015,0.5,13160.23059495,9582.44768777,252791.18022627
"438",2017-11-08 02:14:59,809504,809416,809504,0.224,0.49420076,13159.65539397,9585.30518903,252790.32328419
"439",2017-11-08 02:15:00,809504,809416,809504,0.224,0.49070109,13162.51979495,9586.84708793,252790.31678386
"440",2017-11-08 02:15:01,809416,809416,809484,0.22,0.001,13161.4031361,9595.78248818,252788.25278386
"441",2017-11-08 02:15:02,809504,809416,809504,0.22,0.4251969,13161.51363659,9592.27118399,252777.21168805
"442",2017-11-08 02:15:03,809416,809416,809504,0.1935,0.4251969,13161.39913659,9588.30118299,252775.99848805
"443",2017-11-08 02:15:04,809125,809125,809504,1.24829951,0.4251969,13159.50723635,9598.90118374,252775.84948805
"444",2017-11-08 02:15:05,809126,809127,809435,1.53,0.01,13159.62813708,9589.31118324,252776.29948805
"445",2017-11-08 02:15:06,809126,809127,809435,1.53,0.01,13158.75293708,9609.93218374,252776.20838805
"446",2017-11-08 02:15:07,809131,809131,809435,0.003,0.01,13157.69693708,9613.65318408,252776.11138805
"447",2017-11-08 02:15:08,809435,809333,809434,0.6,0.08460102,13163.6175451,9626.17988535,252776.71504268
"448",2017-11-08 02:15:09,809650,809333,809650,0.6,0.5803969,13155.68754412,9642.51028508,252777.18644255
"449",2017-11-08 02:15:10,809434,809434,809649,0.00619885,0.105,13146.72974199,9651.79008611,252777.18944255
"450",2017-11-08 02:15:11,809434,809434,809649,0.00799771,0.105,13147.91154183,9649.57078641,252770.4519869
"451",2017-11-08 02:15:12,809124,809124,809434,1.61199771,0.00199898,13146.92524207,9639.95528514,252766.5019869
"452",2017-11-08 02:15:13,809124,809124,809434,1.61199771,0.00199898,13146.47499301,9644.95928588,252751.38208887
"453",2017-11-08 02:15:18,809200,809200,809397,0.599,0.223,13147.65354281,9614.36598524,252701.81677711
"454",2017-11-08 02:15:19,809124,809125,809397,1.4149,0.223,13168.73469301,9614.56298371,252704.36347663
"455",2017-11-08 02:15:20,809125,809126,809396,0.6,0.6801,13174.42854207,9616.36989127,252705.55527549
"456",2017-11-08 02:15:21,809396,809126,809396,0.6,0.67860013,13171.62854183,9625.96838968,252703.3567744
"457",2017-11-08 02:15:22,809396,809131,809395,0.005,0.6,13161.89854109,9618.95838843,252702.45815939
"458",2017-11-08 02:15:23,809396,809131,809395,0.005,0.6,13163.57754183,9614.24818753,252697.45815939
"459",2017-11-08 02:15:24,809395,809200,809394,0.02,0.6841,13176.67554281,9613.8536874,252696.53435939
"460",2017-11-08 02:15:25,809395,809200,809238,0.02,0.01,13177.89854379,9613.9636874,252695.63335939
"461",2017-11-08 02:15:26,809238,809200,809238,0.019,0.009,13177.89754379,9613.9626874,252695.62236031
"462",2017-11-08 02:15:27,809215,809124,809215,0.56879657,0.04800052,13173.68534265,9627.56548496,252677.51776002
"463",2017-11-08 02:15:28,809215,809114,809200,2,0.02079936,13167.60754638,9636.71288507,252675.32226002
"464",2017-11-08 02:15:29,809215,809114,809200,2,0.00179936,13165.61254638,9630.69588547,252675.32226002
"465",2017-11-08 02:15:30,809215,809125,809215,0.1,0.04079988,13165.7935454,9631.49138622,252673.0790485
"466",2017-11-08 02:15:31,809215,809125,809215,0.1,0.04079988,13170.64654564,9633.14268622,252652.8590485
"467",2017-11-08 02:15:32,809114,809130,809215,0.005,0.04079988,13176.14509658,9629.19138572,252653.48988009
"468",2017-11-08 02:15:33,809215,809130,809215,0.005,0.03930091,13166.86384489,9623.589886,252653.50501075
"469",2017-11-08 02:15:34,809114,809114,809217,1.1842,0.12830091,13176.11904563,9627.8898855,252653.59981075
"470",2017-11-08 02:15:35,809545,809114,809545,1.1842,0.27169989,13175.86474563,9632.36228649,252654.29781075
"471",2017-11-08 02:15:36,809545,809114,809544,1.1842,0.0813,13173.27124587,9644.71358649,252654.20681075
"472",2017-11-08 02:15:37,809114,809114,809332,1.18220022,0.002,13175.16234487,9645.64558649,252634.20881053
"473",2017-11-08 02:15:38,809114,809114,809332,1.18020022,0.002,13175.76034536,9637.29388734,252623.49181041
"474",2017-11-08 02:15:39,809114,809200,809332,1.5,0.002,13177.27004536,9647.1338871,252620.86265548
"475",2017-11-08 02:15:40,809114,809200,809314,1.5,0.006,13174.87004438,9629.68548759,252620.86265548
"476",2017-11-08 02:15:44,809201,809201,809643,0.39450135,0.2,13162.12839848,9631.11238535,252575.38387761
"477",2017-11-08 02:15:45,809201,809201,809643,0.39450135,0.2,13159.7283975,9631.3523861,252574.14301761
"478",2017-11-08 02:15:46,809201,809290,809643,0.46,0.64,13172.20014656,9629.42738684,252544.78101761
"479",2017-11-08 02:15:47,809644,809290,809644,0.46,0.4454994,13172.91444705,9669.04718648,252543.74601761
"480",2017-11-08 02:15:48,809374,809290,809374,0.46,0.00291376,13173.58614779,9670.15390024,252543.44073964
"481",2017-11-08 02:15:49,809374,809290,809374,0.46,0.00291376,13171.0016462,9676.98389951,252543.4357356
"482",2017-11-08 02:15:50,809374,809290,809374,0.46,0.00291376,13159.0256462,9679.3819009,252543.4357356
"483",2017-11-08 02:15:51,809201,809291,809307,0.49450135,0.01,13159.05014755,9675.70779991,252544.0277356
"484",2017-11-08 02:15:52,809201,809291,809307,0.49450135,0.01,13163.01914741,9674.79230126,252539.02573622
"485",2017-11-08 02:15:53,809291,809201,809307,0.21874906,0.01,13161.32464458,9675.38929891,252539.03073622
"486",2017-11-08 02:15:54,809640,809201,809640,0.81325041,0.70991241,13169.92714593,9673.57729851,252540.02073622
"487",2017-11-08 02:15:55,809201,809201,809291,0.76325041,0.00149887,13162.07014544,9675.17950184,252528.07073622
"488",2017-11-08 02:15:58,809201,809201,809290,0.59450135,0.1,13166.41559859,9664.30478554,252516.61173622
"489",2017-11-08 02:15:59,809201,809201,809290,0.59450135,0.1,13166.41559859,9664.29978554,252516.61173622
"490",2017-11-08 02:16:00,809201,809201,809290,0.59450135,0.1,13202.81659933,9662.87808351,252516.61173622
"491",2017-11-08 02:16:01,809201,809201,809290,0.54450135,0.1,13167.10389933,9659.62978276,252514.6002126
"492",2017-11-08 02:16:02,809201,809201,809290,0.54250135,0.1,13190.83989879,9650.46308201,252513.06375622
"493",2017-11-08 02:16:03,809201,809201,809290,0.54250135,0.1,13185.44089879,9648.92938102,252512.2922126
"494",2017-11-08 02:16:06,809114,809114,809401,1.17820022,0.006,13187.35979621,9666.74538153,252501.40947015
"495",2017-11-08 02:16:07,809114,809114,809401,1.17820022,0.006,13186.77979523,9666.74538153,252501.37947015
"496",2017-11-08 02:16:08,809114,809114,809401,1.17720022,0.006,13189.36839621,9658.09308252,252498.9786699
"497",2017-11-08 02:16:09,809114,809114,809401,0.67720022,0.006,13185.86839547,9662.75898252,252498.19567039
"498",2017-11-08 02:16:10,809114,809114,809531,0.63620022,1.20000099,13187.17179678,9663.26748451,252502.03666942
"499",2017-11-08 02:16:11,809532,809115,809401,1.4515,0.06,13186.32769604,9679.30438402,252496.57906942
"500",2017-11-08 02:16:12,809629,809115,809298,1.4515,0.01,13191.92769653,9688.46068427,252496.88906942
"501",2017-11-08 02:16:13,809298,809120,809298,0.005,0.009,13192.17969584,9696.2949839,252495.67006942
"502",2017-11-08 02:16:14,809298,809120,809298,0.005,0.009,13191.57969535,9688.80578468,252494.43006942
"503",2017-11-08 02:16:15,809116,809234,809298,0.01,0.009,13191.76519682,9674.80048528,252496.92456942
"504",2017-11-08 02:16:16,809234,809234,809529,0.009,0.03,13190.69089481,9652.16918453,252491.55156942
"505",2017-11-08 02:16:17,809234,809234,809529,0.007,0.03,13186.54329491,9660.71888581,252485.65356942
"506",2017-11-08 02:16:18,809234,809234,809500,0.00550103,1,13186.60849594,9663.59418656,252484.90006839
"507",2017-11-08 02:16:19,809234,809234,809500,0.00350103,0.98765,13186.81869624,9662.31523571,252484.91241839
"508",2017-11-08 02:16:20,809234,809234,809499,0.00170177,0.69850135,13177.31389649,9664.21373731,252484.91241849
"509",2017-11-08 02:16:21,809234,809234,809499,0.00170177,1.51150135,13186.47389698,9651.91753606,252483.88741849
"510",2017-11-08 02:16:22,809499,809234,809498,0.40170177,0.783,13185.78489698,9660.8750357,252482.73641849
"511",2017-11-08 02:16:23,809234,809235,809498,0.7309,0.69850135,13187.58629756,9664.38503603,252482.72841849
"512",2017-11-08 02:16:24,809500,809235,809499,0.6799,0.68850135,13187.14829658,9659.36703516,252480.79791852
"513",2017-11-08 02:16:25,809234,809234,809499,0.07860177,2.68850135,13188.39209756,9660.60453516,252481.79891852
"514",2017-11-08 02:16:26,809859,809350,809498,0.483,1.86420135,13188.99509756,9657.54013651,252485.80702189
"515",2017-11-08 02:16:27,809350,809350,809498,0.482,0.03,13189.1116983,9656.85133516,252485.18802189
"516",2017-11-08 02:16:31,809350,809656,809856,0.006,0.94,13178.05679705,9646.62468539,252479.40092499
"517",2017-11-08 02:16:32,809350,809656,809773,0.006,0.679,13179.12081235,9652.11308638,252478.70265738
"518",2017-11-08 02:16:33,809656,809656,809855,0.00420104,0.679,13178.56901339,9652.10868575,252477.22686068
"519",2017-11-08 02:16:34,809351,809656,809856,0.01,0.94,13177.75601339,9652.03068662,252471.68686019
"520",2017-11-08 02:16:35,809351,809656,809855,0.01,0.8687,13177.75301339,9652.91338909,252470.74956692
"521",2017-11-08 02:16:36,809351,809674,809854,0.05,0.35698346,13179.66121391,9667.67037776,252470.34956692
"522",2017-11-08 02:16:37,809674,809673,809854,0.189,0.34698346,13179.78731472,9657.50167701,252465.03433754
"523",2017-11-08 02:16:38,809856,809673,809856,0.189,0.59698346,13189.38731546,9666.10167701,252460.06133753
"524",2017-11-08 02:16:39,809856,809673,809818,0.189,0.0034,13189.73659922,9668.97417701,252456.01933753
"525",2017-11-08 02:16:40,810000,810000,810050,0.63939462,0.02,13175.25039187,9649.27536871,252470.07994291
"526",2017-11-08 02:16:41,810000,810000,810040,0.62739462,0.0034,13173.74029187,9648.60358037,252425.27312324
"527",2017-11-08 02:16:42,810000,810000,810049,0.31739462,0.0758124,13173.40399113,9648.59358037,252422.48512324
"528",2017-11-08 02:16:43,810000,810000,810067,0.30539454,0.0345733,13173.65039038,9647.08394053,252412.89576242
"529",2017-11-08 02:16:44,810000,810000,810067,0.30539454,0.0345733,13178.89738954,9638.08294189,252411.25790699
"530",2017-11-08 02:16:45,810000,810060,810067,0.17909454,0.49,13192.98559121,9643.33946909,252372.56620699
"531",2017-11-08 02:16:46,810060,810060,810068,0.17609454,3.00000124,13183.88699047,9642.01346736,252359.56920699
"532",2017-11-08 02:16:47,810060,810060,810068,0.17429548,3.00000124,13193.77919343,9641.01346736,252355.97010605
"533",2017-11-08 02:16:48,810060,810060,810068,0.17429548,2.40000099,13195.71129441,9640.56346711,252352.55889605
"534",2017-11-08 02:16:49,810069,810060,810068,0.16749604,0.60000025,13196.47519571,9638.46346637,252350.96159549
"535",2017-11-08 02:16:50,810070,810070,810076,7.59889975,0.01,13197.76029448,9606.59646612,252373.44889574
"536",2017-11-08 02:16:51,810100,810070,810100,7.59889975,11.98,13197.69599844,9606.59646612,252372.94889574
"537",2017-11-08 02:16:52,810076,810076,810100,1.79999975,11.98,13201.93979843,9606.39676586,252373.33279624
"538",2017-11-08 02:16:53,810100,810070,810100,4.58699925,8.38,13187.04739564,9602.79676586,252369.11341023
"539",2017-11-08 02:16:54,810070,810070,810098,0.58699925,0.02382678,13182.74739628,9602.84441942,252373.02341023
"540",2017-11-08 02:16:55,810098,810070,810098,0.58699925,0.01382678,13184.89709628,9616.13552067,252379.60085292
"541",2017-11-08 02:16:56,810100,810070,810100,0.48699925,6.41765356,13185.01669709,9609.33551968,252380.46077219
"542",2017-11-08 02:16:57,810100,810000,810070,0.06,0.0715,13190.32459882,9615.9500244,252380.17877136
"543",2017-11-08 02:16:58,810070,809571,809984,0.0725,0.0615,13182.36409784,9606.34602488,252381.01877136
"544",2017-11-08 02:16:59,810070,809524,809656,0.06129604,1,13186.36759437,9623.19752437,252375.44621299
"545",2017-11-08 02:17:00,809571,809524,809571,0.06129604,0.0425,13183.13759413,9624.36002585,252374.15621274
"546",2017-11-08 02:17:01,809571,809524,809655,0.06129604,0.151,13197.13779413,9622.0325256,252374.10721274
"547",2017-11-08 02:17:02,809655,809550,809656,0.0725,1,13196.18709413,9622.81252584,252372.85721274
"548",2017-11-08 02:17:03,809655,809524,809654,0.06129604,0.1365,13204.69289428,9610.34721,252372.45641336
"549",2017-11-08 02:17:04,809248,809248,809524,0.6,0.1337,13195.21389733,9618.51471604,252372.4851121
"550",2017-11-08 02:17:05,809305,809244,809248,1.20000024,0.8502,13176.13099708,9645.1408161,252372.28471299
"551",2017-11-08 02:17:06,808000,808000,809248,18.49177274,0.8502,13106.52139708,9613.80571624,252385.26471299
"552",2017-11-08 02:17:07,808051,808051,809244,0.60000098,1.9275,13123.00662235,9624.71630241,252405.42181299
"553",2017-11-08 02:17:08,808795,808796,808872,0.2,0.03,13126.45942309,9629.362204,252404.65611299
"554",2017-11-08 02:17:09,808825,808825,809000,5.64,2.27,13133.93702309,9629.42180357,252404.92631908
"555",2017-11-08 02:17:10,808825,808825,809000,1.1,2.271,13132.74052309,9640.28680134,252407.76611908
"556",2017-11-08 02:17:11,808798,808797,809000,0.2,2.2644016,13144.56152357,9642.09980321,252409.00931949
"557",2017-11-08 02:17:12,808825,808798,808825,1.17,0.4685,13132.24752505,9645.2067012,252429.01831949
"558",2017-11-08 02:17:13,808825,808054,808825,9.03000074,0.35486851,13130.2175248,9651.24606996,252431.17291859
"559",2017-11-08 02:17:14,808850,808491,808500,2.40000074,0.023,13136.17122628,9652.29846976,252426.68932443
"560",2017-11-08 02:17:15,808950,808491,808950,3.60000172,0.10586954,13137.37122649,9649.62615004,252425.55070948
"561",2017-11-08 02:17:16,808950,808491,808824,3.60000172,0.4764,13136.879926,9646.49475159,252424.95070948
"562",2017-11-08 02:17:17,808823,808695,808823,0.01,1.1955,13132.51042484,9634.18145258,252425.16290948
"563",2017-11-08 02:17:18,808491,808491,808823,7.12000172,1.1955,13138.55192558,9624.97695216,252421.12690948
"564",2017-11-08 02:17:19,808491,808784,808818,0.01,0.005,13138.2923246,9611.62545345,252420.72690948
"565",2017-11-08 02:17:20,808784,808491,808784,4,0.009,13137.56232485,9613.19195072,252420.32470844
"566",2017-11-08 02:17:21,808784,808491,808823,4,0.88,13142.46732484,9618.51295172,252418.97740917
"567",2017-11-08 02:17:22,808784,808491,808823,4,0.88,13137.6673246,9619.11295247,252406.13570917
"568",2017-11-08 02:17:23,808784,808492,808821,1.4557,0.3094,13136.33602371,9619.30935203,252405.39540917
"569",2017-11-08 02:17:24,808822,808492,808822,1.4557,0.8761,13139.02602445,9618.64555154,252405.51260917
"570",2017-11-08 02:17:25,808822,808492,808821,1.4557,0.043,13135.8260247,9618.46305154,252405.11260917
"571",2017-11-08 02:17:26,808948,808492,808948,1.4557,0.01700032,13127.85602421,9609.30755086,252406.18820885
"572",2017-11-08 02:17:27,808950,808492,808950,1.4557,1.04637061,13126.17212396,9605.03605284,252406.64370885
"573",2017-11-08 02:17:28,808949,808944,808948,0.01,0.6,13137.0881242,9615.31645278,252407.18270885
"574",2017-11-08 02:17:29,808900,808900,808948,0.31,0.568,13147.59412519,9614.31005284,252407.81470885
"575",2017-11-08 02:17:30,808949,808901,808950,0.1,1.04637061,13147.80312519,9614.83205284,252407.61670885
"576",2017-11-08 02:17:31,808950,808901,808950,0.1,0.54237061,13162.67312543,9614.33205284,252403.11070885
"577",2017-11-08 02:17:32,808950,808901,808950,0.1,0.51037061,13163.24542592,9621.77255235,252403.13270885
"578",2017-11-08 02:17:33,808950,808901,808944,0.1,0.00179986,13142.63842524,9627.60235195,252401.93370693
"579",2017-11-08 02:17:34,808900,808748,808944,0.006,0.00179986,13144.30492534,9622.3033522,252387.24170693
"580",2017-11-08 02:17:35,808503,808503,808901,0.545,0.00149957,13141.56172534,9631.38695039,252385.4559079
"581",2017-11-08 02:17:36,808500,808503,808901,0.28,0.00049957,13139.86102534,9635.19445195,252386.4059079
"582",2017-11-08 02:17:37,808860,808504,808860,1.4723,0.03,13138.12262453,9636.16145195,252386.2059079
"583",2017-11-08 02:17:38,808860,808505,808860,0.28,0.03,13131.23262527,9631.36145195,252384.6269079
"584",2017-11-08 02:17:39,808500,808500,808860,8.8443,0.029,13133.27862477,9632.8815527,252385.8348079
"585",2017-11-08 02:17:40,808999,808506,808800,0.7374,0.5,13129.86502527,9614.8940527,252395.73271252
"586",2017-11-08 02:17:41,808800,808524,808800,0.43,0.499,13132.49502502,9625.95958415,252399.14011252
"587",2017-11-08 02:17:42,808799,808524,808799,0.43,0.2,13142.91555794,9625.75958365,252394.57521364
"588",2017-11-08 02:17:43,808799,808524,808799,0.43,0.2,13138.91355754,9620.53958265,252393.95651064
"589",2017-11-08 02:17:44,808799,808524,808946,0.43,0.1,13138.91455764,9620.43958265,252391.95651064
"590",2017-11-08 02:17:46,808505,808748,808800,0.7,10,13126.61455641,9618.37058017,252366.14460343
"591",2017-11-08 02:17:47,808748,808748,808800,0.29850093,10,13114.78135562,9620.47058092,252366.4861025
"592",2017-11-08 02:17:49,808748,808748,808800,0.29850093,10,13116.96182456,9622.11598191,252355.2161025
"593",2017-11-08 02:17:50,808748,808748,808800,0.29850093,10,13127.30235748,9613.02598043,252354.28460859
"594",2017-11-08 02:17:51,808748,808505,808748,3.43,0.09649907,13134.01385778,9613.1914795,252354.56810952
"595",2017-11-08 02:17:52,808599,808599,808689,0.6,0.5,13131.19355778,9620.3414795,252348.12110952
"596",2017-11-08 02:17:53,808599,808599,808689,0.6,0.5,13112.22155582,9620.09248014,252345.76810952
"597",2017-11-08 02:17:54,808505,808506,808684,0.25,0.01194419,13131.98075779,9620.36042433,252346.36357529
"598",2017-11-08 02:17:55,808506,808506,808599,0.65,0.4635,13127.08175801,9613.01181151,252345.74357529
"599",2017-11-08 02:17:56,808506,808526,808684,0.401,0.01194419,13127.54222607,9618.17021151,252344.14257529
"600",2017-11-08 02:17:57,808505,808506,808527,0.3,0.01,13116.85172373,9627.31121151,252346.40597689
