"","time","lst","best_bid","best_ask","best_bid_size","best_ask_size","total_bid_depth","total_ask_depth","volume"
"1",2017-11-08 01:02:04,815000,815001,815248,1.2,8.2826,12795.57197146,10634.08438475,255724.96283925
"2",2017-11-08 01:02:05,815001,815000,815001,0.81768594,0.4100005,12785.10886975,10627.24438525,255726.16526574
"3",2017-11-08 01:02:06,814900,814900,814989,0.03,0.28,12796.30718454,10674.28288628,255716.41695065
"4",2017-11-08 01:02:07,814652,814701,815000,0.9156,1.6409,12797.22278454,10657.68118283,255717.55895065
"5",2017-11-08 01:02:08,814653,814653,814999,4.41762398,0.428,12800.77480852,10697.81118407,255719.13455065
"6",2017-11-08 01:02:09,814222,814222,814746,0.23217473,0.03,12780.55036071,10703.37098506,255743.78965026
"7",2017-11-08 01:02:10,814000,813852,814000,2.37000024,1.98314291,12754.55122206,10705.60762644,255766.14045674
"8",2017-11-08 01:02:11,814318,814161,814226,0.26,0.03,12749.81090271,10704.68088378,255768.20337347
"9",2017-11-08 01:02:13,814883,814520,814883,6.8,0.316,12783.48234831,10703.69578229,255770.33680762
"10",2017-11-08 01:02:14,814520,814520,814883,6.795,0.316,12783.20084831,10704.86338254,255770.39680762
"11",2017-11-08 01:02:15,814521,814521,814850,0.3,0.5,12810.85784757,10705.71428229,255771.05880762
"12",2017-11-08 01:02:16,814849,814540,814849,2,0.583,12831.09784634,10706.06348269,255771.70060761
"13",2017-11-08 01:02:17,814849,814541,814676,1.723,0.01,12838.78784634,10706.0396822,255772.58220761
"14",2017-11-08 01:02:18,815240,814541,814848,1.983,0.26,12853.05084683,10705.30068279,255775.58013761
"15",2017-11-08 01:02:21,814846,814600,814842,2,7,12868.84134732,10742.16861636,255787.90567373
"16",2017-11-08 01:02:22,814845,814600,814845,2,0.19222618,12876.78724659,10732.08390902,255788.53744755
"17",2017-11-08 01:02:27,814541,814520,814541,0.88499975,19.9,12847.55524634,10732.32538384,255796.25487768
"18",2017-11-08 01:02:28,814541,814521,814541,0.19999901,7.9,12851.28624584,10720.47238482,255808.24487768
"19",2017-11-08 01:02:29,814520,814520,814541,0.19009876,7.9,12871.85734584,10705.66328408,255810.05987768
"20",2017-11-08 01:02:30,814541,814520,814541,0.19009876,7.88,12862.04134561,10714.62228284,255808.03397768
"21",2017-11-08 01:02:31,814844,814600,814844,2.12,1.575,12866.55154487,10709.91428185,255814.95987768
"22",2017-11-08 01:02:32,814844,814601,814843,1.224,1.3759,12873.06194487,10703.77358071,255812.95880768
"23",2017-11-08 01:02:33,814601,814601,814843,1.214,0.9359,12863.46094438,10699.53358047,255802.66775768
"24",2017-11-08 01:02:34,814843,814843,814844,0.4741,1.575,12870.83104414,10680.80748091,255785.79993791
"25",2017-11-08 01:02:35,814844,814843,814844,0.4741,0.174,12873.25694561,10673.78185592,255785.80093791
"26",2017-11-08 01:02:36,814844,814843,814844,0.4741,0.174,12873.99664685,10672.12585641,255784.34333791
"27",2017-11-08 01:02:37,814844,814844,814900,0.427,0.2,12874.4236466,10665.48588093,255784.26333791
"28",2017-11-08 01:02:38,814843,814843,814900,0.4011,0.2,12854.74212088,10679.80088241,255784.26333791
"29",2017-11-08 01:02:39,814900,814843,814900,0.4011,0.199,12825.14212039,10689.3378834,255781.19238564
"30",2017-11-08 01:02:40,814997,814843,814860,0.3011,0.3,12824.04212064,10692.08058522,255782.68268456
"31",2017-11-08 01:02:41,814844,814844,814860,0.28,0.3,12829.71412186,10691.23404614,255782.00268456
"32",2017-11-08 01:02:42,814844,814844,814860,0.28,0.3,12817.21412039,10702.25230913,255780.93554867
"33",2017-11-08 01:02:43,815208,814843,814994,0.3011,0.3588,12814.73412113,10701.47610815,255785.72054867
"34",2017-11-08 01:02:44,815208,814843,814844,0.3011,0.1,12809.93412088,10716.78410914,255776.01932892
"35",2017-11-08 01:02:45,814600,814600,814993,3.7561,0.6,12800.78012088,10723.27211087,255779.06732892
"36",2017-11-08 01:02:46,814600,814844,814992,1.9999,0.6,12811.26042014,10717.06625037,255776.26525892
"37",2017-11-08 01:02:47,814992,814708,814992,0.00921998,0.4,12807.99633963,10720.68825037,255770.36525892
"38",2017-11-08 01:02:48,814992,814708,814995,0.00921998,0.26,12804.21133988,10709.00925012,255770.36525892
"39",2017-11-08 01:02:49,814601,814602,814999,0.26,0.45,12779.2335199,10697.30973111,255770.77090892
"40",2017-11-08 01:02:50,814688,814688,814900,0.96,10,12803.07762137,10719.3715321,255768.65870792
"41",2017-11-08 01:02:51,814689,814689,814899,0.18,0.26,12807.33414685,10717.44753111,255768.42510792
"42",2017-11-08 01:02:56,814688,814770,814798,0.01,1.5113,12807.22232137,10768.48883062,255737.40283055
"43",2017-11-08 01:02:57,814800,814770,814800,0.01,0.2,12809.62432186,10759.00853087,255739.55471946
"44",2017-11-08 01:02:58,814800,814770,814797,0.01,7,12809.95132039,10765.94853161,255738.55471874
"45",2017-11-08 01:02:59,814451,813671,814389,0.34,3.80399902,12707.16776289,10809.36003953,255832.74084543
"46",2017-11-08 01:03:00,814389,814258,814388,0.01,0.21847403,12678.13596409,10787.40421216,255832.7362751
"47",2017-11-08 01:03:01,814389,814258,814388,0.01,0.21847403,12677.92204487,10799.47631339,255832.16447594
"48",2017-11-08 01:03:02,813606,813606,814388,0.75305453,0.20847403,12674.95264487,10801.81791389,255834.61447594
"49",2017-11-08 01:03:03,813605,813605,814388,4.66305453,0.98092303,12677.59120237,10802.24318684,255816.04582694
"50",2017-11-08 01:03:04,813508,813508,813951,0.00866277,0.214,12637.23408797,10811.48320967,255819.29632727
"51",2017-11-08 01:03:05,813671,813671,813951,0.80000024,0.19380055,12611.00408992,10807.43415953,255824.00652672
"52",2017-11-08 01:03:06,813481,813481,813500,9.53966326,3.36599976,12617.1807887,10802.15995701,255823.94052696
"53",2017-11-08 01:03:07,814383,813480,814383,24.59769974,0.4633023,12616.03072518,10796.44003479,255827.27983659
"54",2017-11-08 01:03:08,813499,813672,814383,0.1116,0.4633023,12641.62172518,10798.24003603,255817.73308898
"55",2017-11-08 01:03:09,814271,813672,814271,0.0916,1.2629,12645.93272518,10795.69563732,255816.6946102
"56",2017-11-08 01:03:10,813481,813482,814271,0.23,0.2,12623.42452593,10819.75665336,255817.66961094
"57",2017-11-08 01:03:11,813673,813673,814270,0.8148,1.0772,12619.03932593,10820.59895287,255820.13211094
"58",2017-11-08 01:03:12,813871,813673,813871,0.7848,0.28282,12618.4093274,10834.52077631,255820.61811094
"59",2017-11-08 01:03:13,813871,813597,813871,0.467,0.28282,12626.26322715,10850.52287483,255815.07435703
"60",2017-11-08 01:03:14,813300,813600,814032,3.62,0.37912,12638.59622764,10823.32287187,255816.91504355
"61",2017-11-08 01:03:21,813310,813523,813733,10,0.9764,12640.23774617,10840.21007264,255814.74749158
"62",2017-11-08 01:03:22,813523,813523,813733,8.928,0.9764,12624.76574569,10827.79927239,255812.16665304
"63",2017-11-08 01:03:23,813523,813653,813734,0.01,0.11400092,12629.63814618,10838.41007363,255812.76665304
"64",2017-11-08 01:03:24,813523,813523,813734,4.938,0.11400092,12617.13814569,10829.11007239,255814.76665304
"65",2017-11-08 01:03:25,813300,813733,813734,0.00149927,0.11400092,12621.21964594,10829.11107388,255825.96665304
"66",2017-11-08 01:03:26,813524,813524,813670,0.4488,0.19013704,12601.25594016,10839.44339006,255865.46460304
"67",2017-11-08 01:03:27,812800,812601,812800,0.03719785,1.51190084,12599.16914138,10837.35729046,255867.5516322
"68",2017-11-08 01:03:31,813523,812801,813523,5.2,0.38082,12616.51294067,10834.28201341,255856.34851321
"69",2017-11-08 01:03:32,813523,812700,813523,0.04,0.38082,12614.64594067,10837.47391366,255857.00691427
"70",2017-11-08 01:03:33,813523,812802,813309,0.1298,7,12627.05802165,10816.36201218,255854.03461459
"71",2017-11-08 01:03:34,812302,812302,813308,0.13679785,2.66000099,12589.75614116,10755.59341292,255855.23356459
"72",2017-11-08 01:03:35,812700,812700,812850,0.15008,0.02,12589.98562331,10718.60169342,255855.36756459
"73",2017-11-08 01:03:36,813000,812805,813000,0.04,0.49,12580.17962355,10664.75641429,255851.44756459
"74",2017-11-08 01:03:37,813000,812805,813000,0.04,0.89912,12602.42312209,10553.47911232,255851.6373796
"75",2017-11-08 01:03:38,813000,812805,812999,0.04,2.47732,12620.39612282,10516.55103207,255851.6373796
"76",2017-11-08 01:03:40,812400,812401,812882,0.28,0.441,12656.91452246,10276.55903163,255857.69417642
"77",2017-11-08 01:03:44,812998,812800,812805,2.5,0.1,12668.67582056,9997.48969163,255858.65912642
"78",2017-11-08 01:03:45,812998,812800,812805,5.5,0.1,12681.68582056,10000.52369138,255858.65912642
"79",2017-11-08 01:03:46,812997,812800,812881,3,0.02,12677.18582056,10033.35169361,255862.65712642
"80",2017-11-08 01:03:47,812996,812800,812996,2.899,0.56120116,12694.58382056,9956.30081352,255863.72892526
"81",2017-11-08 01:03:48,812800,812800,812882,0.69209901,0.5,12686.99952152,9933.12701362,255866.16892625
"82",2017-11-08 01:03:49,812800,812800,812882,0.69209901,0.5,12737.7386203,9849.07821264,255864.16892625
"83",2017-11-08 01:03:50,812996,812801,812994,5,0.60000074,12745.64201956,9851.56651338,255864.87570948
"84",2017-11-08 01:03:51,812881,812801,812881,5,1.8993,12757.14562054,9791.79991016,255864.65600239
"85",2017-11-08 01:03:52,812881,812801,812881,5.02,1.59750024,12756.43062176,9779.55661053,255858.84409496
"86",2017-11-08 01:03:57,812801,812811,812876,0.2,4.80000025,12784.15382121,9762.75900881,255885.90516606
"87",2017-11-08 01:03:58,812800,812501,812800,9.88,0.015,12782.20904237,9754.10740833,255884.62694521
"88",2017-11-08 01:03:59,812501,812501,812800,4.7923,0.015,12761.09504164,9751.71380684,255891.71024521
"89",2017-11-08 01:04:00,812798,812565,812798,5,1.77000075,12780.94824262,9761.42738759,255891.41919521
"90",2017-11-08 01:04:01,812798,812565,812791,5,2,12776.54824213,9762.41338759,255861.38719521
"91",2017-11-08 01:04:02,812791,812565,812790,4.9,0.57,12786.49504189,9756.25938734,255861.49119521
"92",2017-11-08 01:04:03,812790,812565,812653,4.8,0.01,12795.81504189,9763.47868562,255861.07812529
"93",2017-11-08 01:04:04,812790,812566,812790,0.7032,8.2667,12793.31824091,9763.76538485,255860.76602529
"94",2017-11-08 01:04:05,812565,812565,812789,2.90319901,1.6960005,12782.9852409,9757.64238685,255861.82390774
"95",2017-11-08 01:04:06,812565,812565,812653,2.70319901,0.01,12780.4414409,9753.61918684,255857.95626857
"96",2017-11-08 01:04:07,812653,812565,812653,2.69719901,0.005,12781.6594409,9753.30418684,255858.63512857
"97",2017-11-08 01:04:08,812789,812565,812789,4.69719901,0.50330173,12786.07044162,9730.35418783,255864.14282857
"98",2017-11-08 01:04:09,812789,812566,812785,0.26,0.8242,12775.93143976,9739.21508585,255863.01760825
"99",2017-11-08 01:04:10,812788,812653,812787,0.01,0.60000222,12786.66713976,9726.96788733,255868.42145409
"100",2017-11-08 01:04:11,812788,812653,812787,0.01,1.16000222,12786.46713976,9742.2078908,255868.42145409
"101",2017-11-08 01:04:12,812788,812788,812798,1.39,2.40000099,12801.00633952,9747.61769036,255868.79145631
"102",2017-11-08 01:04:13,812800,812800,812901,5.79499901,0.006,12802.85333853,9741.9281474,255855.85315985
"103",2017-11-08 01:04:14,812800,812800,812901,5.19499901,0.006,12797.67983867,9739.64214912,255856.05725985
"104",2017-11-08 01:04:15,812900,812900,812901,10.89520056,0.006,12795.08873923,9755.86922011,255841.02298929
"105",2017-11-08 01:04:16,812988,812901,812988,0.594,0.55000025,12805.48273972,9755.43009085,255828.51752321
"106",2017-11-08 01:04:17,812900,812901,812989,0.2,0.8242,12803.68273702,9754.2800906,255830.17690518
"107",2017-11-08 01:04:18,812920,812901,812989,1.594,0.8242,12794.90673628,9744.5476901,255825.96595997
"108",2017-11-08 01:04:19,812920,812920,812988,0.56,0.7992,12800.23273726,9751.20768813,255819.51595997
"109",2017-11-08 01:04:20,812901,812901,812988,0.6508,0.26,12787.65293534,9749.08348837,255802.6217306
"110",2017-11-08 01:04:21,812901,812901,812989,0.3012,0.86000074,12787.41533558,9749.04348911,255793.1212806
"111",2017-11-08 01:04:22,812900,812900,812901,4.61889912,0.1748,12782.54383808,9749.15828911,255795.61377957
"112",2017-11-08 01:04:23,812900,812800,812900,5.19499901,1.39850088,12770.49393871,9746.01079073,255803.34267846
"113",2017-11-08 01:04:24,812899,812800,812899,1.19499901,4,12766.52993774,9748.46078974,255807.86899846
"114",2017-11-08 01:04:25,812800,812788,812800,0.89,1.25500099,12769.10493873,9749.55579147,255803.22498125
"115",2017-11-08 01:04:26,812800,812788,812800,0.89,1.25500099,12766.49793775,9711.53179073,255771.01391125
"116",2017-11-08 01:04:27,812800,812788,812800,0.89,1.25500099,12772.01273972,9683.08509043,255766.01391125
"117",2017-11-08 01:04:28,812788,812788,812800,0.8026,1.75500099,12769.13883923,9702.55409267,255756.90711248
"118",2017-11-08 01:04:29,812800,812788,812800,0.7589,1.50500099,12776.28024021,9700.81479179,255747.19876238
"119",2017-11-08 01:04:30,812591,812591,812788,1.87989906,0.2411,12770.65434021,9692.93689129,255746.18307893
"120",2017-11-08 01:04:31,812787,812653,812787,1,3,12775.3034409,9695.00579203,255740.09837888
"121",2017-11-08 01:04:32,812800,812653,812899,1,0.26,12767.07713992,9640.90449178,255739.05140987
"122",2017-11-08 01:04:33,812591,812591,812899,1.129,0.26,12768.39314041,9637.74949054,255728.82580964
"123",2017-11-08 01:04:34,812600,812654,812897,0.529,0.26,12777.7105409,9650.34779054,255727.80580964
"124",2017-11-08 01:04:35,812777,812654,812777,0.529,1.93820044,12784.5105409,9646.42599148,255727.11580964
"125",2017-11-08 01:04:36,812897,812844,812897,0.001,0.9209,12775.98334031,9639.19689049,255728.19655964
"126",2017-11-08 01:04:37,812844,812700,812776,0.8,0.7095,12772.26434202,9643.08448899,255718.1125587
"127",2017-11-08 01:04:38,812776,812701,812776,0.6,0.4095,12764.53374202,9643.41448899,255715.3025587
"128",2017-11-08 01:04:39,812701,812701,812776,0.5,0.4095,12763.55374153,9679.35628929,255712.44681106
"129",2017-11-08 01:04:40,812700,812703,812900,0.6,11.32110044,12772.73524212,9674.1667883,255711.8999106
"130",2017-11-08 01:04:41,812700,812703,812899,0.6,0.21,12765.01524163,9679.14678929,255705.8999106
"131",2017-11-08 01:04:42,812700,812700,812900,0.7399,11.32110044,12753.06524065,9678.93679003,255705.8988606
"132",2017-11-08 01:04:45,812590,812595,812898,1.1192,0.8807,12740.98444188,9684.94848836,255682.53409036
"133",2017-11-08 01:04:46,812590,812705,812898,0.005,0.8807,12730.68944164,9681.31848836,255681.08394036
"134",2017-11-08 01:04:47,812897,812705,812897,0.005,6.6,12739.7294409,9694.07248836,255682.94394036
"135",2017-11-08 01:04:48,812567,812567,812788,2.6841,1.6203,12734.78594066,9704.51009,255687.21394036
"136",2017-11-08 01:04:49,812567,812700,812776,3,0.01,12742.88594139,9704.07709,255684.61393965
"137",2017-11-08 01:04:50,812567,812700,812776,3,0.01,12742.38593968,9714.05259247,255683.13793565
"138",2017-11-08 01:04:51,812510,812510,812776,1.0588,0.01,12731.97644065,9708.64689099,255696.65823565
"139",2017-11-08 01:04:52,812776,812510,812776,1.0588,0.00820124,12724.21484139,9730.53669253,255689.95072938
"140",2017-11-08 01:04:53,812776,812567,812776,0.5,0.01820124,12730.80464065,9734.14969229,255689.94893052
"141",2017-11-08 01:04:54,812500,812512,812618,1.1898,0.01,12732.21444113,9729.94369179,255689.94893077
"142",2017-11-08 01:04:55,812776,812487,812771,1.34639975,0.005,12731.79643943,9719.79249005,255684.05893054
"143",2017-11-08 01:04:56,812487,812488,812771,0.45939975,0.005,12716.77443967,9716.93129227,255675.66488054
"144",2017-11-08 01:04:57,812500,812567,812774,0.5,2.16950148,12598.29255132,9705.68379227,255685.05631286
"145",2017-11-08 01:04:58,812500,812653,812773,5,7,12592.00195181,9664.24279227,255683.59631239
"146",2017-11-08 01:04:59,812773,812653,812773,5,6.8,12670.11205132,9680.62829227,255682.49991239
"147",2017-11-08 01:05:00,812653,812653,812773,2.81999605,7.8014,12674.87094825,9680.23468879,255684.82532999
"148",2017-11-08 01:05:01,812653,812653,812687,0.01859506,0.01,12682.7788481,9672.94328879,255688.09713098
"149",2017-11-08 01:05:02,812770,812568,812770,0.22,4.99,12729.42794638,9661.25929052,255689.65422622
"150",2017-11-08 01:05:03,812500,812500,812653,0.78110598,0.4986,12729.20594539,9668.65788978,255687.26753354
"151",2017-11-08 01:05:04,812500,812500,812769,0.18110524,7,12727.49424416,9667.42788953,255687.05753428
"152",2017-11-08 01:05:05,813620,812500,812652,0.18110524,0.6,12728.69524524,9592.82688997,255760.75931471
"153",2017-11-08 01:05:09,812668,812512,812668,0.2,0.58682,12723.29827114,9601.97674992,255714.83229759
"154",2017-11-08 01:05:10,812512,812512,812668,0.13,0.58682,12726.03857533,9602.83555044,255714.90229759
"155",2017-11-08 01:05:11,812512,812513,812668,0.9882,0.58682,12725.36857533,9603.97555094,255684.22299759
"156",2017-11-08 01:05:12,812896,812567,812776,0.5,5,12750.00637631,9605.17554945,255687.81060325
"157",2017-11-08 01:05:13,812776,812511,812776,0.42,4.9,12747.61787557,9612.3336492,255685.78779994
"158",2017-11-08 01:05:14,812511,812511,812775,0.61,1.3414,12737.61557459,9607.59652821,255685.26919274
"159",2017-11-08 01:05:15,812776,812511,812776,0.22,4.6414,12738.41157459,9607.07872821,255674.23027543
"160",2017-11-08 01:05:16,812776,812511,812776,0.4,3.63030174,12746.92827606,9606.10063025,255678.26537211
"161",2017-11-08 01:05:17,812681,812512,812681,1.4192,0.495,12747.50367728,9616.15763025,255672.61730303
"162",2017-11-08 01:05:18,812681,812521,812564,10,7,12743.84847606,9623.64693124,255671.39330207
"163",2017-11-08 01:05:19,812564,812521,812564,10,2,12752.72507606,9637.72693248,255675.59330207
"164",2017-11-08 01:05:20,812775,812564,812773,10,0.2903,12766.55547508,9636.20423223,255677.30127068
"165",2017-11-08 01:05:21,812564,812564,812567,16.8247,0.00149897,12773.48517498,9633.3187292,255677.22127068
"166",2017-11-08 01:05:22,812564,812564,812567,13.95,0.00149897,12765.91047522,9635.0087292,255678.17027068
"167",2017-11-08 01:05:23,812564,812564,812567,13.618,0.00149897,12809.45826741,9635.5117292,255677.29227068
"168",2017-11-08 01:05:24,812564,812564,812775,9.58203329,4.2,12806.78959997,9629.45993023,255683.31653739
"169",2017-11-08 01:05:25,812590,812590,812773,1.8548,0.60000025,12809.10369997,9630.44506723,255688.16066739
"170",2017-11-08 01:05:26,812590,812590,812772,0.8248,0.28,12808.21719997,9624.80516723,255691.07066739
"171",2017-11-08 01:05:27,812781,812590,812771,0.8248,0.0363,12801.39819983,9622.26142775,255696.28965687
"172",2017-11-08 01:05:28,812900,812776,812873,4.7019,50,12792.80680011,9666.84512775,255702.77405687
"173",2017-11-08 01:05:29,812873,812776,812873,4.7019,42.4,12795.81380133,9649.6751275,255709.6826574
"174",2017-11-08 01:05:30,812900,812838,812900,0.206,1.529,12803.65886072,9612.05912888,255723.6856574
"175",2017-11-08 01:05:31,812838,812838,813443,0.19450103,2.40000099,12810.43726907,9620.07613086,255727.87541647
"176",2017-11-08 01:05:32,812900,812839,812848,0.139,0.60000025,12804.75126834,9621.67213136,255729.3783434
"177",2017-11-08 01:05:37,812781,812670,813249,0.15,0.1769,12790.43127435,9638.48799391,255740.76577244
"178",2017-11-08 01:05:38,812781,812670,813249,0.15,0.1769,12793.91487508,9644.36259515,255741.17667244
"179",2017-11-08 01:05:39,813249,813200,813248,0.02,0.26,12799.79737531,9637.17509491,255741.85667244
"180",2017-11-08 01:05:40,813200,812670,812900,0.15,2.98,12803.70237483,9644.79809565,255742.13647244
"181",2017-11-08 01:05:41,813200,812675,812899,0.005,1.80000099,12802.12937434,9645.37619639,255738.81637244
"182",2017-11-08 01:05:42,812564,812564,812899,3.296,0.60000074,12798.76737434,9649.07619664,255743.55297244
"183",2017-11-08 01:05:43,812564,812565,812870,0.6,1,12830.39137434,9645.39519565,255742.67622379
"184",2017-11-08 01:05:47,812870,812564,812870,1.01660024,0.2012,12829.40276604,9644.13789472,255743.12325379
"185",2017-11-08 01:05:48,812870,812564,812868,1.01660024,0.0672,12825.30276653,9637.23809447,255744.03235379
"186",2017-11-08 01:05:49,812564,812564,812776,0.01660024,0.00019952,12848.55436726,9646.00639479,255745.03415365
"187",2017-11-08 01:05:50,812564,812564,812776,0.01660024,0.00019952,12849.37636653,9645.64779405,255744.73315365
"188",2017-11-08 01:05:51,812564,812564,812776,0.01660024,0.00019952,12839.89715872,9652.93979503,255744.23210365
"189",2017-11-08 01:05:52,812564,812564,812664,0.01660024,0.002,12875.40136702,9660.29079405,255744.14210365
"190",2017-11-08 01:05:53,812564,812564,812664,2.4e-07,0.002,12865.18476629,9675.0466943,255744.15870365
"191",2017-11-08 01:05:54,812898,812522,812564,3.98549243,0.0127,12884.48946653,9673.43779479,255744.58293365
"192",2017-11-08 01:05:55,812522,812522,812564,2.98549243,0.0127,12889.11626653,9673.45666681,255743.63293365
"193",2017-11-08 01:05:56,812522,812564,812669,0.4873,6,12885.80356702,9680.93296681,255748.14568365
"194",2017-11-08 01:05:57,812500,812500,812668,3.92279243,0.40839952,12880.45356628,9681.31305949,255749.03764934
"195",2017-11-08 01:05:58,812500,812500,812668,3.92279243,0.40839952,12886.64716653,9667.01705949,255747.56725072
"196",2017-11-08 01:05:59,812500,812664,812668,2,1.00839952,12889.24716677,9653.02505949,255746.06725072
"197",2017-11-08 01:06:00,812668,812664,812668,2,0.40939952,12884.27356677,9655.67705924,255744.77265072
"198",2017-11-08 01:06:04,812669,812500,812669,1,4.156,12874.80036872,9659.41265899,255730.76210502
"199",2017-11-08 01:06:05,812669,812500,812669,1,4.156,12874.80036872,9659.01265899,255726.76289994
"200",2017-11-08 01:06:06,812669,812500,812669,1,4.156,12912.87976799,9650.2650575,255713.55339895
"201",2017-11-08 01:06:07,812669,812501,812641,0.38139952,0.38139952,12954.31606838,9634.07355839,255708.44239895
"202",2017-11-08 01:06:08,812411,812411,812641,5.97709204,0.38139952,12933.47176911,9631.04155839,255727.60283837
"203",2017-11-08 01:06:09,812411,812411,812668,0.47709204,0.16279904,12863.80586838,9631.63295841,255733.35383837
"204",2017-11-08 01:06:13,812063,812063,812305,0.372,0.16279904,12811.7404007,9646.45569565,255729.31324635
"205",2017-11-08 01:06:14,812030,812030,812202,1.27052582,0.49520016,12807.6304007,9657.03489669,255733.21804619
"206",2017-11-08 01:06:15,812031,812031,812179,0.23,0.03,12807.94522294,9659.57069461,255733.48397619
"207",2017-11-08 01:06:16,812030,812000,812030,11.697,0.627,12812.67849761,9660.84349338,255734.62917523
"208",2017-11-08 01:06:17,811765,811765,811900,2.7,8.863,12797.53119761,9663.83309359,255734.99761421
"209",2017-11-08 01:06:18,811765,811765,811900,2.273,8.863,12810.1169981,9652.31679366,255734.68661421
"210",2017-11-08 01:06:19,811900,811765,811900,1.2,8.675,12799.44399712,9641.48179292,255735.43921421
"211",2017-11-08 01:06:20,811000,811000,811765,0.11181211,0.7569,12715.39499712,9641.74559214,255815.67254316
"212",2017-11-08 01:06:21,811765,811625,811765,4.9,1.1369,12719.91499883,9639.71559238,255825.30072271
"213",2017-11-08 01:06:22,810964,810964,811600,1.11181211,1.49999829,12715.36362291,9643.79656751,255833.74972442
"214",2017-11-08 01:06:23,811600,810965,811600,19.05,0.27999731,12729.44362291,9649.95856459,255852.16672619
"215",2017-11-08 01:06:24,811649,810965,811649,7,6.90309731,12722.24182511,9645.82556509,255857.98314132
"216",2017-11-08 01:06:25,810965,810966,811555,4.2000022,5,12722.50882584,9661.20476705,255863.77744142
"217",2017-11-08 01:06:26,811555,811523,811533,0.011,0.553,12733.29612387,9661.88966801,255856.02744291
"218",2017-11-08 01:06:27,811000,811000,811533,3,0.448,12725.42602607,9656.85446779,255879.72707291
"219",2017-11-08 01:06:28,811000,811000,811100,4.8,0.256,12737.66122729,9655.72046926,255889.63782475
"220",2017-11-08 01:06:29,811005,811005,811532,0.87679964,0.6,12728.7180262,9618.76906668,255898.10335462
"221",2017-11-08 01:06:30,811532,811000,811100,2.65679964,5,12725.43702669,9616.91556496,255900.60245462
"222",2017-11-08 01:06:31,811000,811000,811100,2.24179964,3.29,12730.02202669,9620.13456496,255902.17405462
"223",2017-11-08 01:06:32,811100,811015,811100,1,0.07003948,12738.38102645,9609.21960444,255913.56496885
"224",2017-11-08 01:06:33,811015,811075,811100,0.01,0.06003948,12748.47772768,9590.93330595,255917.20407937
"225",2017-11-08 01:06:36,811050,811015,811050,0.5,0.004,12742.57662678,9599.83916994,255949.16822507
"226",2017-11-08 01:06:37,811015,811000,811050,3.3583985,0.004,12737.17662654,9603.95917093,255948.15287802
"227",2017-11-08 01:06:38,811015,811020,811050,2,0.004,12724.12742629,9606.19587093,255948.55927802
"228",2017-11-08 01:06:39,811075,811030,811075,8,0.244,12738.30592555,9599.90906921,255938.61747802
"229",2017-11-08 01:06:40,811075,811075,811407,4.761,3,12766.81692531,9595.98507366,255938.78067802
"230",2017-11-08 01:06:41,811075,811075,811554,3.671,0.70390685,12778.93692629,9589.58507366,255946.20667802
"231",2017-11-08 01:06:42,811123,811123,811406,0.45,0.543,12794.16292629,9582.05807465,255944.30614291
"232",2017-11-08 01:06:43,811523,811135,811523,1.4,2.943,12758.71282725,9588.06807303,255947.12004291
"233",2017-11-08 01:06:44,811523,811377,811522,0.198,0.60000222,12771.83982725,9572.87807451,255946.36736469
"234",2017-11-08 01:06:45,811135,811135,811522,1.399,0.22800074,12721.6122149,9557.53427399,255945.45155693
"235",2017-11-08 01:06:46,811522,811135,811523,1.399,0.78100074,12707.01121441,9550.21036887,255948.34275807
"236",2017-11-08 01:06:47,811020,811111,811517,2,0.005,12684.6392149,9538.71536862,255977.63068589
"237",2017-11-08 01:06:48,811111,811164,811517,0.004,0.005,12686.81001173,9558.91946936,255976.07838589
"238",2017-11-08 01:06:52,810968,810968,811302,3.41372528,0.6,12653.38023881,9557.22696847,256009.29071059
"239",2017-11-08 01:06:53,810681,810681,811302,3.17572773,0.6,12647.7804393,9566.80096773,256019.56171059
"240",2017-11-08 01:06:54,810969,810969,811302,0.1845,0.6,12654.93103902,9555.78256717,256028.69974059
"241",2017-11-08 01:06:55,810680,810680,810925,22.67472871,1.7155,12646.94554,9563.25186913,256041.88524059
"242",2017-11-08 01:06:56,810164,810164,810925,3.23510049,1.7155,12610.46791129,9563.01786943,256060.48614059
"243",2017-11-08 01:06:57,810775,810775,810920,2.2272,0.005,12619.50277721,9549.80723994,256070.00073824
"244",2017-11-08 01:06:58,810250,810250,810809,1.05220074,0.474,12619.55777942,9569.5332096,256079.73343824
"245",2017-11-08 01:06:59,810010,810010,810809,50.87130123,0.474,12614.64077893,9580.41357517,256083.4445887
"246",2017-11-08 01:07:00,810165,810500,810555,0.019,5,12610.45977795,9580.12957418,256084.3395887
"247",2017-11-08 01:07:01,810500,810434,810500,0.01,0.9752,12633.66977795,9601.92977443,256086.17534733
"248",2017-11-08 01:07:02,810320,810320,810500,4.92620243,0.9752,12634.60598038,9609.26477517,256085.94569444
"249",2017-11-08 01:07:03,810010,810010,810500,39.01650366,0.9692,12609.21598038,9634.60977518,256107.05062444
"250",2017-11-08 01:07:04,810010,810010,810320,26.02650366,0.9262,12593.63198038,9632.22724999,256139.79359445
"251",2017-11-08 01:07:05,810010,810010,810166,11.08050366,1.71370044,12573.91498038,9605.34394993,256152.32359445
"252",2017-11-08 01:07:06,810500,810020,810500,5,34.29128044,12555.26698038,9590.77895413,256177.13730734
"253",2017-11-08 01:07:07,809890,809890,810165,22.16792948,0.854,12545.56840669,9572.22195463,256195.90849026
"254",2017-11-08 01:07:08,809890,809890,810318,14.68792948,0.32,12541.09840669,9588.05695419,256203.96179026
"255",2017-11-08 01:07:09,809976,809890,809976,13.97092948,1.2,12546.38340669,9587.23425425,256206.47879026
"256",2017-11-08 01:07:10,809890,809890,810102,12.57092948,0.08,12540.18340669,9580.22025079,256212.91272026
"257",2017-11-08 01:07:11,810000,810000,810102,6.9764,0.079,12542.7998062,9585.67755573,256215.15394472
"258",2017-11-08 01:07:12,810112,810100,810112,78.677,0.009,12636.47910669,9576.97555177,256205.86894472
"259",2017-11-08 01:07:13,810100,810101,810317,0.32,0.79666,12631.00560669,9581.9242129,256211.29278472
"260",2017-11-08 01:07:14,810449,810100,810449,48.5855,0.0557,12612.07650669,9581.5859129,256229.51473496
"261",2017-11-08 01:07:15,810469,810200,810469,0.5,2.3,12637.10250635,9593.25591142,256242.70934197
"262",2017-11-08 01:07:16,810101,810101,810313,6.59599966,0.01,12699.49810586,9597.45061488,256253.08781197
"263",2017-11-08 01:07:17,810468,810101,810468,5.71599891,1.15290396,12704.1181056,9540.49661488,256253.14474272
"264",2017-11-08 01:07:18,810131,810131,810499,2.39999975,0.34,12753.40200535,9499.91861488,256258.45721297
"265",2017-11-08 01:07:19,810500,810200,810500,0.1,29.7528454,12754.26757584,9500.51061464,256264.26643497
"266",2017-11-08 01:07:20,810500,810468,810500,1.85,16.7528454,12721.53107584,9473.30041398,256281.26643497
"267",2017-11-08 01:07:21,810500,810132,810162,0.92,0.60000099,12695.22497682,9472.71043808,256303.03116411
"268",2017-11-08 01:07:26,811523,811000,811327,5.143,0.324,12708.42400879,9493.71773093,256383.69086859
"269",2017-11-08 01:07:27,811000,811000,811522,2.023,3.1240005,12705.12900658,9538.47573143,256392.82686859
"270",2017-11-08 01:07:28,811000,811000,811025,1.663,0.01,12686.53549971,9553.72209637,256395.79836859
"271",2017-11-08 01:07:29,811150,811001,811150,8.0415,0.44,12657.40329971,9500.44019422,256396.01736859
"272",2017-11-08 01:07:30,811001,811001,811050,4.8215,0.01806943,12676.84929873,9510.83426316,256402.44765985
"273",2017-11-08 01:07:31,811001,811000,811001,1.663,7.3885,12689.07383031,9550.59876612,256407.28915985
"274",2017-11-08 01:07:32,811149,811011,811163,2.5795,0.246,12659.07943031,9631.78836563,256415.13711068
"275",2017-11-08 01:07:33,811011,811011,811163,2.5295,0.246,12619.23542884,9685.17369545,256415.1840406
"276",2017-11-08 01:07:34,811013,811013,811163,3,0.246,12492.62979981,9673.84689545,256420.9128406
"277",2017-11-08 01:07:35,811517,811014,811396,0.74,0.44,12537.08489981,9671.30889545,256425.85616107
"278",2017-11-08 01:07:36,811014,811014,811396,0.3175,1.6044,12528.49089981,9619.27089422,256429.25446141
"279",2017-11-08 01:07:37,811517,811163,811395,0.246,0.7634,12524.11979981,9616.45679421,256429.35346141
"280",2017-11-08 01:07:38,811029,811167,811397,0.152,0.1,12518.04739907,9615.77479322,256435.67641141
"281",2017-11-08 01:07:39,811516,811300,811396,0.1,0.18,12550.77519878,9619.47729197,256434.96126107
"282",2017-11-08 01:07:40,811500,811396,811500,0.78282,7.78,12567.41241878,9631.17729197,256442.83226107
"283",2017-11-08 01:07:41,811030,811030,811403,0.69382,0.559,12556.05371984,9625.94109098,256444.94510115
"284",2017-11-08 01:07:42,811500,810950,811499,0.02302146,1.5499,12609.46621994,9665.88812257,256450.54203227
"285",2017-11-08 01:07:43,810550,811241,811250,0.01,0.02,12567.47763116,9615.4569216,256451.84203227
"286",2017-11-08 01:07:44,810925,810801,810925,0.2816,2.68658903,12613.75951945,9571.5213926,256449.76844324
"287",2017-11-08 01:07:45,811271,811031,811316,9.30621122,1,12621.55413141,9559.52767135,256453.16383202
"288",2017-11-08 01:07:46,811000,811032,811315,0.96721195,0.4,12706.35613214,9554.62467135,256465.30283202
"289",2017-11-08 01:07:47,811000,811241,811315,0.01,0.4,12695.90403214,9554.77867135,256464.39816202
"290",2017-11-08 01:07:48,811315,811241,811315,0.01,0.29,12681.44173067,9552.89167085,256461.45076202
"291",2017-11-08 01:07:49,811241,811173,811315,0.2,0.27,12686.86451872,9556.8423411,256460.84186202
"292",2017-11-08 01:07:50,811033,810561,811250,1.80000147,10,12687.92992043,9560.3708411,256461.86186202
"293",2017-11-08 01:07:51,810560,810561,811199,0.4049,0.528,12681.66732043,9555.49017135,256464.07186202
"294",2017-11-08 01:07:52,810560,811000,811198,30,0.4,12712.06342141,9562.32037334,256464.01086202
"295",2017-11-08 01:07:53,811000,811000,811198,21.561,0.4,12700.16962141,9574.12427458,256472.34986202
"296",2017-11-08 01:07:54,811000,811001,811198,0.5492,0.4,12688.24282141,9573.42037433,256477.52356556
"297",2017-11-08 01:07:55,811000,811000,811001,2.461,0.4508,12672.52362141,9618.27234408,256480.27169556
"298",2017-11-08 01:07:56,811000,811000,811001,2.461,0.4508,12688.92362043,9611.95797433,256478.04216202
"299",2017-11-08 01:07:57,810500,810434,810500,2.34,32.10937809,12677.83359852,9635.5802493,256486.74604308
"300",2017-11-08 01:07:58,810400,810400,810500,0.21192493,32.10937809,12695.08359852,9627.60074944,256487.06499308
"301",2017-11-08 01:07:59,810433,810212,810433,0.24,0.4,12691.80752191,9628.28896828,256492.81633304
"302",2017-11-08 01:08:00,810433,810132,810433,3.87942493,0.379,12671.70152191,9631.96896828,256512.93633304
"303",2017-11-08 01:08:01,810100,810133,810400,0.2394,1.2119,12667.96292221,9634.26686681,256520.35236734
"304",2017-11-08 01:08:02,810500,810133,810395,0.2394,0.005,12668.46292221,9650.24246534,256527.05336734
"305",2017-11-08 01:08:06,809000,809403,810000,0.1,18.016,12603.81009728,9673.47496947,256569.34251246
"306",2017-11-08 01:08:07,809404,809404,809711,0.2836,0.694,12593.82014848,9665.49106947,256585.94346246
"307",2017-11-08 01:08:08,809000,809000,809163,0.2856,0.03,12608.58301314,9650.66066947,256591.94686658
"308",2017-11-08 01:08:09,809710,809403,809710,10,0.575,12636.2063328,9645.96126912,256592.10186658
"309",2017-11-08 01:08:10,808777,809380,809403,0.01,4.60319825,12619.9070328,9635.26715806,256612.31370402
"310",2017-11-08 01:08:11,809200,809200,809250,0.96,0.02,12620.13351801,9634.06911401,256613.40190402
"311",2017-11-08 01:08:12,809010,809103,809250,7,0.02,12627.94941771,9632.62591307,256615.31490402
"312",2017-11-08 01:08:13,809250,809250,809401,0.007,1.133,12636.01871771,9567.12441307,256615.14330402
"313",2017-11-08 01:08:14,809220,809221,809400,0.28,1.7066,12640.82071771,9555.45201307,256615.16225402
"314",2017-11-08 01:08:15,809400,809221,809400,0.28,1.1466,12644.62071771,9554.86501321,256615.71745498
"315",2017-11-08 01:08:16,809403,809220,809403,0.3262,3.94979825,12646.75731771,9544.99973814,256621.25596246
"316",2017-11-08 01:08:17,809221,809222,809249,0.917,7,12654.27251771,9550.13873814,256623.29977639
"317",2017-11-08 01:08:18,809402,809200,809402,0.02,0.6989,12655.60251771,9543.97963814,256626.23777639
"318",2017-11-08 01:08:19,809106,809105,809403,0.01,0.64869825,12654.09841771,9538.49433824,256630.43777639
"319",2017-11-08 01:08:20,809106,809326,809403,0.01,0.64869825,12671.07461771,9547.36433824,256630.30447714
"320",2017-11-08 01:08:21,809106,809326,809403,0.01,0.64869825,12678.63741771,9552.13943824,256629.90340714
"321",2017-11-08 01:08:25,809608,809500,809910,11,0.78282,12760.05807106,9463.16623469,256638.37479046
"322",2017-11-08 01:08:26,809608,809500,809910,11,0.78282,12760.23607106,9467.45213684,256638.37479046
"323",2017-11-08 01:08:27,809999,809650,809998,2,0.32,12749.92507106,9464.23413684,256632.64479046
"324",2017-11-08 01:08:28,809909,809650,809909,1.2,1.1796,12753.39197106,9465.06678733,256637.80479046
"325",2017-11-08 01:08:29,809909,809651,809909,0.32,0.16,12733.75387106,9466.21648733,256622.69130742
"326",2017-11-08 01:08:30,809908,809908,809909,6.0734,0.16,12737.98727106,9459.88808733,256623.96590742
"327",2017-11-08 01:08:32,810000,810000,810050,4.549,0.02,12757.67567158,9454.65078518,256634.35572053
"328",2017-11-08 01:08:33,810090,810000,810090,4.2648,0.0883,12759.93577158,9464.24008532,256636.12887053
"329",2017-11-08 01:08:39,810100,810100,810163,0.18660039,0.01,12767.89997237,9441.38665769,256636.19739923
"330",2017-11-08 01:08:40,810100,810000,810100,4.6648,1.81339961,12765.38377198,9444.1537573,256636.30399962
"331",2017-11-08 01:08:41,810000,810000,810099,3.9761,0.32,12764.98107198,9444.0957573,256647.23969962
"332",2017-11-08 01:08:46,810002,810000,810002,5,1.9,12730.35307132,9439.94135677,256668.78422962
"333",2017-11-08 01:08:47,810000,810000,810002,4.393,1.87,12731.54607132,9439.92135677,256669.42122962
"334",2017-11-08 01:08:48,809999,809999,810002,2.5697,1.87,12723.54707156,9438.75135677,256676.72952962
"335",2017-11-08 01:08:49,809999,809999,810000,2.5597,3,12723.53707156,9448.88945677,256677.061529
"336",2017-11-08 01:08:50,809908,809880,809908,0.1,2.33550066,12729.11957194,9494.97345743,256681.82347867
"337",2017-11-08 01:08:51,810100,809779,810100,2,0.31210027,12765.6633717,9496.78665793,256682.25347867
"338",2017-11-08 01:08:52,809519,809570,809992,2,0.01,12795.023372,9487.77965684,256685.75347867
"339",2017-11-08 01:08:53,809570,809571,809879,0.6,1.18,12817.95388734,9488.97501067,256687.23498377
"340",2017-11-08 01:08:54,809879,809779,809879,1,0.6584,12816.66638734,9513.17841081,256687.68563569
"341",2017-11-08 01:08:55,809879,809780,809880,0.6,0.33165548,12820.46638734,9517.31701061,256687.30563569
"342",2017-11-08 01:08:56,809999,809879,809999,2,4.84045424,12828.32488734,9519.44301061,256688.77960439
"343",2017-11-08 01:08:57,809999,809999,810000,0.84954576,0.50200008,12830.9330331,9524.63655637,256694.14205863
"344",2017-11-08 01:08:58,810000,809880,810000,1.4138,0.30200008,12834.11568734,9525.44155637,256695.56205863
"345",2017-11-08 01:08:59,810000,809881,809999,0.12954576,0.47045424,12827.1412331,9541.30901061,256686.71655863
"346",2017-11-08 01:09:00,810000,809881,809999,0.12954576,0.47045424,12827.4412331,9546.97901061,256685.71655863
"347",2017-11-08 01:09:01,809879,810000,810050,0.1,0.02,12827.39528734,9541.80205629,256686.50096295
"348",2017-11-08 01:09:02,809989,809880,809989,0.12954576,0.44,12826.0144331,9534.5780577,256687.54596295
"349",2017-11-08 01:09:03,810408,809882,810408,0.8654,0.31927371,12827.4798331,9524.79151194,256688.94596295
"350",2017-11-08 01:09:04,809882,809989,810407,0.00479884,0.579,12827.53096701,9524.25633837,256686.39090005
"351",2017-11-08 01:09:05,810407,809989,810407,0.00479884,0.479,12821.57386701,9523.22633984,256686.98890005
"352",2017-11-08 01:09:06,810276,809989,810276,0.00479884,0.18,12829.31656711,9523.59764131,256685.42125631
"353",2017-11-08 01:09:07,809990,809990,810276,6.5,0.18,12832.93578658,9521.31644131,256685.92018631
"354",2017-11-08 01:09:08,810407,810000,810407,12.33015237,0.2691,12843.57683895,9521.01644131,256680.03133018
"355",2017-11-08 01:09:09,810000,810000,810407,12.53015237,0.2691,12814.99581948,9520.21644131,256678.76533018
"356",2017-11-08 01:09:10,810000,810000,810276,12.53015237,0.5,12804.84683895,9520.44734131,256678.46428018
"357",2017-11-08 01:09:11,810410,810230,810409,0.1,0.7567,12818.21121654,9518.19404131,256683.46428312
"358",2017-11-08 01:09:12,810001,810001,810409,0.00169809,0.7567,12816.45853704,9523.09404131,256684.36578209
"359",2017-11-08 01:09:13,810001,810029,810408,1,0.71,12818.43353704,9524.80404131,256683.25778209
"360",2017-11-08 01:09:14,810409,810001,810408,3.5,0.5,12809.03693704,9524.83734131,256693.82538209
"361",2017-11-08 01:09:15,810010,810010,810407,1,0.48,12811.51193704,9525.19584131,256699.70168209
"362",2017-11-08 01:09:16,810001,810006,810101,1,0.002,12811.34793734,9523.72934131,256700.75183293
"363",2017-11-08 01:09:17,810101,810001,810179,0.58938047,0.01,12809.80231781,9519.40984131,256708.84933299
"364",2017-11-08 01:09:18,810410,810001,810410,0.58938047,2.70859853,12805.02351773,9496.49383962,256706.66126299
"365",2017-11-08 01:09:19,810001,810001,810099,0.46838041,0.221,12810.86951767,9498.28583992,256698.90926305
"366",2017-11-08 01:09:20,810001,810001,810179,0.46838041,0.01,12819.15951767,9496.75633992,256687.43523423
"367",2017-11-08 01:09:21,810001,810001,810179,0.35688034,0.01,12812.1150176,9496.55283992,256685.7962343
"368",2017-11-08 01:09:22,810001,810010,810179,0.01,0.01,12799.8450176,9511.29743992,256685.1298343
"369",2017-11-08 01:09:23,809989,809989,810000,2,8.9638692,12791.8668864,9513.81630882,256692.0980651
"370",2017-11-08 01:09:24,809989,809989,810000,1.7256,10.9638692,12787.65248649,9521.70570882,256689.74392165
"371",2017-11-08 01:09:25,809800,809800,809999,0.0266,0.9962,12802.63448649,9523.32480882,256692.12392165
"372",2017-11-08 01:09:26,809800,809800,809999,0.0266,0.9962,12806.61938649,9523.45480882,256691.52715165
"373",2017-11-08 01:09:27,809581,809581,809619,0.7013,3.9714,12805.97308679,9526.77620882,256694.14030165
"374",2017-11-08 01:09:28,809580,809580,809619,2.9913,0.36158,12805.54218679,9524.25668882,256697.66192165
"375",2017-11-08 01:09:29,809580,809582,809619,0.6,0.36158,12805.00868679,9525.35368892,256698.41882165
"376",2017-11-08 01:09:30,809619,809580,809619,2.9913,0.16158,12804.62268679,9523.85468892,256696.6616222
"377",2017-11-08 01:09:31,810000,809581,809800,0.6,0.00179926,12805.22268679,9523.15648818,256692.83788679
"378",2017-11-08 01:09:33,809580,809581,809613,0.6,0.005,12814.87638679,9529.43390567,256674.31748679
"379",2017-11-08 01:09:34,810000,809581,809830,0.6,1,12818.85238679,9527.63390567,256677.35148679
"380",2017-11-08 01:09:35,809504,809504,809829,1.049,0.6,12806.76738679,9521.57710567,256679.18148679
"381",2017-11-08 01:09:36,810406,810051,810406,0.178,0.31,12816.87353833,9520.57525721,256679.48033525
"382",2017-11-08 01:09:37,810406,810050,810405,1.158,7,12815.91503833,9527.47525721,256681.56821525
"383",2017-11-08 01:09:38,810050,810055,810405,0.005,7,12813.91013833,9528.97525721,256682.07661525
"384",2017-11-08 01:09:39,810000,809600,810000,0.02,17.80724846,12806.82838679,9539.97670567,256684.99554582
"385",2017-11-08 01:09:40,810000,809600,810000,0.02,20.80724846,12805.14118679,9539.51410567,256687.04219033
"386",2017-11-08 01:09:41,810000,809700,810000,0.002,12.71154846,12805.14318679,9542.81240567,256689.15996033
"387",2017-11-08 01:09:42,810000,809583,810000,5,12.11854846,12809.94608679,9522.39720567,256688.20496033
"388",2017-11-08 01:09:43,809601,809601,809901,6,0.452,12821.38858679,9525.69520567,256683.70496033
"389",2017-11-08 01:09:44,809601,809601,809901,5,0.452,12820.48628679,9527.56010567,256685.73866033
"390",2017-11-08 01:09:46,809602,809604,809980,0.6,0.70060123,12827.68518679,9518.5843069,256670.12700992
"391",2017-11-08 01:09:47,809602,809605,809980,0.96,0.70060123,12824.66918679,9517.5743069,256670.12700992
"392",2017-11-08 01:09:48,809603,809603,809896,7.45800012,0.005,12819.06118682,9518.0792069,256671.0279398
"393",2017-11-08 01:09:49,809998,809606,809998,0.6,0.20560123,12827.1888867,9515.3783068,256666.7868898
"394",2017-11-08 01:09:50,810589,810456,810589,0.452,3.70976571,12827.977187,9481.2293068,256691.3799406
"395",2017-11-08 01:09:51,810456,810449,810456,0.1,0.18282,12827.7547353,9481.65719443,256693.3369406
"396",2017-11-08 01:09:52,810790,810449,810790,0.1,9.04058571,12822.0187353,9477.25719443,256696.70704259
"397",2017-11-08 01:09:53,809633,809633,810456,0.06,0.452,12814.7758353,9477.76750451,256699.23322163
"398",2017-11-08 01:09:54,810456,810091,810449,7,0.00479984,12827.20753544,9467.80740435,256698.30915163
"399",2017-11-08 01:09:55,810456,810092,810449,1.2623,0.00479984,12827.82703544,9467.25090435,256697.69145163
"400",2017-11-08 01:09:56,810456,810092,810449,1.2623,0.00479984,12940.20853544,9478.39490435,256696.77145163
"401",2017-11-08 01:09:57,810253,810092,810253,1.2623,0.8,12901.60553544,9500.20080435,256696.42739964
"402",2017-11-08 01:09:58,810253,810253,810449,0.2,0.00479984,12913.26723544,9514.57110435,256696.52619964
"403",2017-11-08 01:09:59,810097,810097,810252,0.00320034,0.4,12844.25643578,9508.65150435,256696.9390993
"404",2017-11-08 01:10:00,810252,810097,810448,0.00320034,7,12834.88843578,9511.49470435,256697.02573765
"405",2017-11-08 01:10:01,810050,810254,810448,0.1484,7,12791.77193578,9520.14520435,256696.44263765
"406",2017-11-08 01:10:03,810051,810051,810448,0.1284,6.6,12827.85293578,9543.41539427,256694.86263765
"407",2017-11-08 01:10:05,810438,810214,810378,0.6,1,12713.17653578,9470.09120435,256678.92370427
"408",2017-11-08 01:10:12,810438,810214,810378,7.6,1,12704.54753578,9469.75920435,256677.9570064
"409",2017-11-08 01:10:21,811153,811153,811270,4.22519952,0.1,12884.48007609,9431.38711435,256737.38242856
"410",2017-11-08 01:10:22,811470,811168,811470,0.03,14.12063171,12892.48007609,9429.45711435,256739.42242856
"411",2017-11-08 01:10:23,811154,811154,811470,6.9302,9.14063171,12906.92307609,9418.46621435,256745.61112082
"412",2017-11-08 01:10:24,811400,811155,811400,0.6,4.1,12900.52387609,9423.39351435,256750.71450805
"413",2017-11-08 01:10:25,811269,811269,811400,0.4,4.1,12891.46537609,9429.52831419,256755.73308679
"414",2017-11-08 01:10:26,811400,811270,811400,0.4236,4.05,12812.87947639,9427.96831419,256764.13753868
"415",2017-11-08 01:10:27,811270,811154,811400,0.43662016,4.05,12813.01879655,9429.46831419,256764.37793868
"416",2017-11-08 01:10:28,811399,811158,811398,0.005,0.56,12821.73199659,9433.70188403,256765.75576864
"417",2017-11-08 01:10:29,811072,811072,811153,3.29519952,0.6,12827.45087639,9438.85786383,256773.52453884
"418",2017-11-08 01:10:30,811154,811001,811154,4.49519952,0.5067798,12808.65747619,9441.14946383,256784.98886884
"419",2017-11-08 01:10:31,811200,811200,811300,1.65732038,8,12806.69559705,9516.1826818,256798.76474798
"420",2017-11-08 01:10:32,811073,810790,810900,3,3,12805.40327667,9521.03900101,256805.41806836
"421",2017-11-08 01:10:33,810900,810899,810900,0.0144557,2.772,12806.71673237,9522.26292123,256805.58176836
"422",2017-11-08 01:10:36,811300,811300,811316,0.5,3.61317966,12807.64983461,9504.95165756,256817.76803951
"423",2017-11-08 01:10:37,811316,811300,811316,0.5,3.51317966,12809.42983412,9506.05165781,256815.75923951
"424",2017-11-08 01:10:38,811356,811300,811356,0.5,3.31317966,12817.55223412,9504.55165855,256820.1442388
"425",2017-11-08 01:10:39,811300,811300,811316,0.491,4.31317966,12834.14973486,9507.35066103,256825.1126388
"426",2017-11-08 01:10:40,811316,811300,811303,0.491,0.01,12834.52823588,9508.12065954,256811.43733808
"427",2017-11-08 01:10:41,811300,811100,811300,0.1,4.22596908,12845.95623558,9518.74662912,256811.28398808
"428",2017-11-08 01:10:42,811000,811002,811300,7,4.17596908,12833.4562324,9531.98292788,256811.34598879
"429",2017-11-08 01:10:43,810901,811101,811290,0.9154,1,12821.63863411,9514.48662937,256815.35098879
"430",2017-11-08 01:10:44,811290,810901,811290,3.69800236,0.73912197,12857.93373549,9540.87645357,256820.36382308
"431",2017-11-08 01:10:45,811000,810904,810995,0.35,0.01192739,12858.51973476,9551.32549104,256823.37382308
"432",2017-11-08 01:10:46,811000,810904,811000,0.35,8.51385468,12861.62113476,9554.21141733,256823.94277308
"433",2017-11-08 01:10:47,810901,810901,810904,0.89800285,1,12860.38613553,9551.87374175,256823.16201245
"434",2017-11-08 01:10:48,810902,810902,810904,1.27,1.35,12862.23263602,9532.89734299,256821.44201245
"435",2017-11-08 01:10:49,810904,810923,810995,1.20000049,0.01192739,12855.55653773,9534.10653365,256832.79201245
"436",2017-11-08 01:10:50,810904,810924,810995,1.06,0.01192739,12865.81263587,9547.80653365,256833.29201245
"437",2017-11-08 01:10:51,810998,810924,810995,1.06,1.5,12865.63363629,9543.38460527,256827.35841245
"438",2017-11-08 01:10:52,810998,810925,810995,0.54,1.5,12865.86263629,9529.30517664,256824.58794182
"439",2017-11-08 01:10:53,810998,810925,810998,0.6,2.5,12879.23273653,9529.71347664,256815.22056182
"440",2017-11-08 01:10:54,810994,810925,810994,0.6,0.09652739,12872.7635358,9526.05773108,256815.11446215
"441",2017-11-08 01:10:55,810905,810800,810900,0.02,20.77192739,12870.07533496,9546.04483157,256818.86598332
"442",2017-11-08 01:10:56,810790,810791,810899,0.9154,1.3651,12884.3107352,9546.89503763,256811.66098332
"443",2017-11-08 01:10:57,810790,810790,810900,5.55775563,25.56192739,12892.82213569,9559.14393838,256811.14051284
"444",2017-11-08 01:10:58,810790,810791,810890,0.15,0.002,12891.7721357,9554.55093664,256805.91001284
"445",2017-11-08 01:10:59,810899,810790,810889,5.55775563,0.31831008,12891.6331357,9556.7665585,256788.74808161
"446",2017-11-08 01:11:00,810889,810791,810889,0.01,0.17681302,12886.94313496,9559.68777124,256787.62417867
"447",2017-11-08 01:11:01,810790,810790,810900,4.56775563,19.38404041,12876.34313472,9571.35777297,256793.79062867
"448",2017-11-08 01:11:02,810899,810791,810899,0.01,2.1,12885.94313496,9571.71577223,256791.15803718
"449",2017-11-08 01:11:03,810899,810791,810899,0.01,0.7453,12889.07813526,9578.55009328,256793.04543718
"450",2017-11-08 01:11:04,810899,810899,810900,1.97819201,3.32934041,12890.950326,9570.38736683,256799.04527517
"451",2017-11-08 01:11:05,811000,810790,811000,4.55775563,12.28406754,12890.89213497,9560.67406717,256802.24721904
"452",2017-11-08 01:11:06,811000,810900,811000,1.0865,6.28406754,12877.00863449,9537.69906652,256811.63021904
"453",2017-11-08 01:11:07,810900,810900,811000,1.07639127,0.76759336,12877.28032658,9525.86359604,256814.28860121
"454",2017-11-08 01:11:08,811290,811100,811290,0.1,0.62671533,12866.31933605,9521.11559604,256806.74130121
"455",2017-11-08 01:11:09,810792,810793,810895,0.6,0.005,12865.50933531,9518.59559604,256793.83630121
"456",2017-11-08 01:11:10,810792,810892,810895,0.6,0.005,12865.84433506,9524.39019678,256782.83630121
"457",2017-11-08 01:11:11,810895,810895,811288,0.028,0.6,12868.20833408,9511.4694893,256780.82525121
"458",2017-11-08 01:11:14,810791,810791,811264,9.957e-05,2.63589647,12879.27303561,9527.76348807,256778.40040046
"459",2017-11-08 01:11:15,810791,810791,810890,9.957e-05,0.6,12884.29303536,9535.36448837,256777.42763046
"460",2017-11-08 01:11:16,811000,811000,811263,0.56969957,7,12883.64443364,9526.06448837,256779.01698046
"461",2017-11-08 01:11:17,811263,811000,811262,0.04869957,0.2605,12883.74343364,9535.51998961,256777.0881308
"462",2017-11-08 01:11:18,810891,810800,811262,0.02,2.06050173,12880.67093407,9522.13509165,256776.03862963
"463",2017-11-08 01:11:19,811005,810681,810946,8.236,0.005,12874.70093135,9522.1518923,256774.79482963
"464",2017-11-08 01:11:20,811000,810888,811000,1,1.005,12883.15723135,9537.34889329,256777.08532996
"465",2017-11-08 01:11:21,810681,810682,811249,1.843,7,12932.35393184,9533.2228923,256779.16972963
"466",2017-11-08 01:11:22,810682,810682,811248,1.643,4.87930074,12899.19293282,9547.40219378,256779.44805963
"467",2017-11-08 01:11:23,810682,810682,811244,1.243,0.005,12898.78693331,9534.78289294,256782.6695593
"468",2017-11-08 01:11:24,810682,810684,811244,7.6,0.005,12910.00053258,9535.89019294,256781.9611833
"469",2017-11-08 01:11:25,810682,810684,811000,8.20000074,1,12920.3505343,9539.00469269,256780.8601333
"470",2017-11-08 01:11:26,810682,810685,811000,2.7906,1,12900.35053332,9538.03469269,256780.3601333
"471",2017-11-08 01:11:27,810685,810686,810999,1.6056,0.3943,12909.70453356,9541.66569324,256780.1001333
"472",2017-11-08 01:11:28,810999,810687,810999,0.6,0.38250094,12897.30653258,9541.66789418,256780.11193236
"473",2017-11-08 01:11:29,810999,810687,810995,8.80479984,0.005,12906.3780334,9542.47809418,256778.38296236
"474",2017-11-08 01:11:30,810688,810688,810782,0.49,0.002,12906.89903448,9536.98009344,256778.91296236
"475",2017-11-08 01:11:31,810688,810688,810782,0.38,0.002,12895.53693424,9539.08009369,256777.72491236
"476",2017-11-08 01:11:32,810687,810688,810782,4.4892,0.002,12893.24613424,9534.08009369,256773.46001236
"477",2017-11-08 01:11:33,810688,810688,810782,2.4892,0.002,12898.22613424,9533.07009344,256772.66601236
"478",2017-11-08 01:11:34,810782,810688,810997,2.4892,0.6178,12896.196134,9534.39839225,256772.04501189
"479",2017-11-08 01:11:35,810782,810687,810997,1.80479984,0.6178,12889.60693449,9540.40839349,256769.64701511
"480",2017-11-08 01:11:36,810782,810687,810996,1.80479984,0.6,12899.20693399,9540.47328697,256769.64521605
"481",2017-11-08 01:11:37,810996,810687,810996,1.60479984,6.99,12898.40693399,9548.07528697,256769.85414605
"482",2017-11-08 01:11:38,810687,810687,811000,0.60479984,4.712,12892.60693325,9545.88628751,256774.35414605
"483",2017-11-08 01:11:39,810995,810688,810991,5.2692,0.005,12908.22613472,9550.49128652,256777.97594511
"484",2017-11-08 01:11:40,810995,810879,810991,0.05,0.005,12899.23613423,9551.88548727,256777.47489511
"485",2017-11-08 01:11:41,810879,810879,810991,0.04,0.005,12895.12653497,9542.00239305,256773.52989511
"486",2017-11-08 01:11:42,810879,810879,811000,0.04,9.212,12893.43193571,9553.73439379,256771.12989511
"487",2017-11-08 01:11:43,810879,810991,810993,0.00179906,0.2734,12878.47953197,9539.85879236,256771.12269566
"488",2017-11-08 01:11:44,811000,810691,811000,0.60000049,7.22179974,12885.26473488,9549.61388706,256768.76171533
"489",2017-11-08 01:11:45,811000,810691,810990,0.60000049,7,12897.47873586,9550.91211127,256761.12522592
"490",2017-11-08 01:11:46,810990,810692,810990,0.6,4.9,12886.19473439,9548.81211078,256758.88482592
"491",2017-11-08 01:11:47,810990,810692,810990,2.3542,4.89,12890.24893488,9549.58888657,256759.92282592
"492",2017-11-08 01:11:48,810990,810693,810994,1.7967,3,12892.18963354,9534.19888484,256758.42282592
"493",2017-11-08 01:11:49,810990,810693,810985,2.3967,0.005,12889.48963256,9539.40388558,256757.44482592
"494",2017-11-08 01:11:50,810990,810694,810985,1.8228,0.005,12885.41653256,9536.30288577,256757.39377592
"495",2017-11-08 01:11:51,810718,810718,810985,0.8,1.50320094,12897.03653379,9537.79031121,256747.02921621
"496",2017-11-08 01:11:52,810718,810719,810985,0.6,1.5,12897.99353379,9537.98610997,256735.02721621
"497",2017-11-08 01:11:53,810718,810719,810985,0.6,1.5,12898.13153354,9537.08711025,256729.73320498
"498",2017-11-08 01:11:54,810985,810800,810980,0.5,0.005,12897.20523354,9539.16041025,256727.13320498
"499",2017-11-08 01:11:55,810994,810801,810985,0.6,0.01188559,12897.53283354,9534.56418133,256726.33740524
"500",2017-11-08 01:11:56,810994,810801,810818,0.6,0.002,12886.45703351,9543.77618207,256709.73740524
"501",2017-11-08 01:11:57,810994,810801,810818,2.345,0.002,12889.02473287,9537.30868133,256697.33740524
"502",2017-11-08 01:11:58,810802,810806,810818,0.005,0.002,12888.09163334,9539.28805688,256678.85580501
"503",2017-11-08 01:11:59,810802,810806,810818,0.005,0.002,12891.21313435,9547.87574416,256671.37933501
"504",2017-11-08 01:12:00,810818,810806,810818,0.005,0.00020054,12889.46393361,9547.62934372,256670.62113447
"505",2017-11-08 01:12:01,811000,811000,811113,6.02734315,0.05,12897.491077,9541.48508637,256679.51979132
"506",2017-11-08 01:12:02,811001,811001,811113,2.29430023,0.05,12911.36037747,9548.48931181,256679.51979132
"507",2017-11-08 01:12:03,811001,811001,811113,0.59850023,0.05,12900.28457673,9547.24011107,256680.01979132
"508",2017-11-08 01:12:04,811001,811005,811111,0.005,0.54,12904.51907576,9548.14031057,256680.02479132
"509",2017-11-08 01:12:05,811001,811005,811111,0.005,0.54,12912.02057798,9557.74231032,256673.59879132
"510",2017-11-08 01:12:06,811000,811000,811111,3.44034338,1.169,12906.22007821,9556.29830958,256677.69379132
"511",2017-11-08 01:12:07,811000,810801,811002,1.5,1.2001,12909.43973508,9560.77540983,256680.8380847
"512",2017-11-08 01:12:08,811000,810800,811001,0.5,0.6,12895.93973385,9541.75340983,256680.8370147
"513",2017-11-08 01:12:09,811000,810806,811000,0.005,18.2001,12896.34473385,9564.36841033,256680.8370147
"514",2017-11-08 01:12:10,811000,810806,811000,0.005,18.2001,12891.54473287,9562.48141206,256670.8284447
"515",2017-11-08 01:12:11,810718,810718,810999,0.705,1.79830094,12892.94473386,9560.9636128,256673.42524376
"516",2017-11-08 01:12:12,810806,810806,810998,0.29800072,1.7641,12893.88983482,9580.00118741,256673.42924312
"517",2017-11-08 01:12:13,810998,810806,810999,0.29800072,1.76410074,12903.78983531,9579.4011879,256673.43924312
"518",2017-11-08 01:12:14,810806,810806,810998,0.29320178,1.1591,12897.17203694,9586.89018662,256658.54713492
"519",2017-11-08 01:12:15,810998,810888,810998,0.05,0.6591,12890.74603497,9597.54018637,256653.50697084
"520",2017-11-08 01:12:16,810806,810806,810997,0.2107999,0.9035,12859.2786326,9516.68458612,256653.62525374
"521",2017-11-08 01:12:17,810806,810718,810996,0.705,7,12859.0678327,9509.37281378,256652.83498364
"522",2017-11-08 01:12:18,810990,810718,810888,0.705,0.01050015,12860.26883308,9515.12981146,256651.76518341
"523",2017-11-08 01:12:19,810990,810718,810990,0.689,0.00299998,12835.48883234,9516.02321777,256646.75458247
"524",2017-11-08 01:12:20,810990,810718,810986,0.689,2,12849.87083382,9511.79321827,256646.31458247
"525",2017-11-08 01:12:21,810990,810718,810985,0.689,7,12850.4798353,9491.96650022,256645.72860125
"526",2017-11-08 01:12:22,810718,810718,810984,0.679,1.4961,12852.26983481,9484.36470046,256644.77397736
"527",2017-11-08 01:12:23,810492,810492,810690,1.0321,0.319,12849.52983404,9483.865694,256646.14997736
"528",2017-11-08 01:12:24,810689,810689,810690,4.60440036,0.309,12851.88183317,9477.011694,256646.883727
"529",2017-11-08 01:12:25,810689,810689,810690,4.60440036,0.309,12823.95413341,9457.593694,256614.72880405
"530",2017-11-08 01:12:26,810492,810492,810690,0.59440036,0.309,12817.72413267,9462.74369326,256619.73880405
"531",2017-11-08 01:12:27,810689,810493,810689,0.57,5.49,12829.57413291,9470.46869376,256615.84517438
"532",2017-11-08 01:12:28,810689,810493,810689,0.31,5.49,12829.32513291,9479.04807104,256613.60312438
"533",2017-11-08 01:12:29,810492,810491,810492,0.15275591,7.08284312,12828.32073255,9487.04021416,256618.49028126
"534",2017-11-08 01:12:30,810480,810471,810480,1,0.24524409,12824.86367664,9485.38545825,256609.46833755
"535",2017-11-08 01:12:31,810480,810471,810480,1,0.24524409,12833.86697871,9473.67461428,256609.58393816
"536",2017-11-08 01:12:32,810688,810471,810687,1,0.6,12834.48697895,9457.81937167,256609.78400065
"537",2017-11-08 01:12:33,810687,810500,810687,0.01,0.2,12819.54637944,9455.99937142,256610.18400065
"538",2017-11-08 01:12:34,810473,810473,810688,0.12,0.2,12813.24097748,9470.40037246,256600.78250178
"539",2017-11-08 01:12:35,810473,810471,810688,1,1.703,12811.90097724,9470.13337196,256600.78250178
"540",2017-11-08 01:12:36,810473,810472,810493,0.84,0.5,12813.94097773,9470.25159543,256598.39878129
"541",2017-11-08 01:12:37,810472,810472,810493,0.56,0.5,12813.36097773,9452.41989445,256595.99773129
"542",2017-11-08 01:12:38,810493,810472,810493,0.06,0.48220036,12820.16097773,9470.62179516,256596.18553093
"543",2017-11-08 01:12:39,810493,810471,810488,1,0.005,12834.48097822,9476.17609541,256596.16446093
"544",2017-11-08 01:12:44,810465,810456,810465,0.49,0.00350083,12835.18051868,9477.45839555,256595.97029767
"545",2017-11-08 01:12:45,810093,810092,810172,1.5,0.004,12829.58523412,9467.20025114,256600.96929767
"546",2017-11-08 01:12:46,810172,810095,810172,1.0483,0.00220024,12831.00611946,9469.17185213,256595.07569743
"547",2017-11-08 01:12:47,810172,810096,810172,0.26,0.00220024,12830.8661197,9468.69385213,256592.69462743
"548",2017-11-08 01:12:48,810193,810211,810333,1.04409976,0.6,12810.65677867,9464.84705056,256585.29882767
"549",2017-11-08 01:12:49,810105,810105,810328,0.479,0.005,12823.4609794,9467.40325155,256580.20436612
"550",2017-11-08 01:12:50,810105,810244,810328,0.01,0.005,12845.99977842,9466.9740518,256579.08286675
"551",2017-11-08 01:12:51,810105,810106,810328,0.26,0.005,12846.51397866,9473.09725155,256576.05516675
"552",2017-11-08 01:12:52,810105,810106,810328,0.26,0.005,12843.58977916,9489.38995279,256568.3796167
"553",2017-11-08 01:12:53,810050,810050,810468,0.0839592,7,12841.82077993,9485.73672784,256570.5645167
"554",2017-11-08 01:12:54,810000,810000,810331,22.84824387,0.6,12856.32078017,9468.8203271,256573.82406275
"555",2017-11-08 01:12:55,810051,810051,810450,0.5142,0.02,12866.86498115,9472.85122715,256583.71226275
"556",2017-11-08 01:12:56,810090,810090,810290,0.294,0.5,12852.82797919,9497.84052769,256572.908325
"557",2017-11-08 01:12:57,810090,810090,810094,0.194,5,12863.43038066,9491.82422794,256571.542255
"558",2017-11-08 01:13:00,809778,809778,810287,0.12564387,1.6892,12777.57447992,9479.35522709,256598.29009499
"559",2017-11-08 01:13:01,809778,809778,810286,0.01564387,0.8,12776.26447894,9491.6026288,256599.59209499
"560",2017-11-08 01:13:02,810094,810057,810094,0.01,1,12774.29777943,9499.6026288,256600.47609511
"561",2017-11-08 01:13:03,810094,810057,810093,0.01,0.6,12769.63547842,9496.26312752,256598.45504511
"562",2017-11-08 01:13:04,810094,810057,810093,0.01,0.778,12774.22277816,9487.7460268,256598.45397511
"563",2017-11-08 01:13:05,810093,809778,810093,0.01564387,0.768,12787.58057938,9506.91642875,256598.47397511
"564",2017-11-08 01:13:06,810051,810051,810093,0.1944,0.768,12753.13117914,9511.84472899,256597.39957511
"565",2017-11-08 01:13:07,809960,809579,809778,0.54404436,0.0056,12754.46917963,9515.179328,256600.15257511
"566",2017-11-08 01:13:08,809778,809778,810000,3.6,0.09,12756.7184025,9526.01613234,256596.39402251
"567",2017-11-08 01:13:09,810051,810051,810052,0.69,0.005,12753.74240201,9526.8371316,256595.83086002
"568",2017-11-08 01:13:10,809778,809778,810052,2.19,0.005,12751.38240201,9545.3601316,256597.54386084
"569",2017-11-08 01:13:11,809778,809779,810052,0.34,0.005,12751.18235839,9547.42613185,256598.93576084
"570",2017-11-08 01:13:12,809581,809752,809958,0.002,0.499,12750.69035814,9525.67623062,256599.42056058
"571",2017-11-08 01:13:13,809581,809940,809958,0.01,0.499,12760.42935865,9556.43623088,256599.42056058
"572",2017-11-08 01:13:14,809581,809940,809958,0.01,0.499,12770.02935913,9551.36733113,256597.57694111
"573",2017-11-08 01:13:15,809940,809752,809958,0.002,0.499,12767.89965889,9544.41213087,256596.57594111
"574",2017-11-08 01:13:16,809958,809752,809940,0.002,0.01,12762.90565888,9544.14213112,256595.64594111
"575",2017-11-08 01:13:17,810000,809752,809939,0.002,3.699,12772.1943606,9529.63853013,256606.63494111
"576",2017-11-08 01:13:18,810000,809779,809939,0.28,3.699,12752.65435962,9529.52212955,256606.56389111
"577",2017-11-08 01:13:19,809939,809780,809938,0.01,0.59,12757.04435962,9531.57833088,256606.79869025
"578",2017-11-08 01:13:20,809605,809605,809938,0.21100024,1.4684,12750.68435864,9532.27873088,256613.79389071
"579",2017-11-08 01:13:21,809605,809848,809937,0.05,7,12750.15035913,9536.20713037,256613.79389071
"580",2017-11-08 01:13:22,809779,809605,809936,0.21100024,0.32,12749.57435913,9537.65278062,256613.04765933
"581",2017-11-08 01:13:23,809936,809605,809936,0.21100024,0.26,12759.26035962,9538.01648126,256612.6081582
"582",2017-11-08 01:13:24,809936,809605,809779,0.21100024,0.5,12759.44035962,9524.70213051,256612.61083734
"583",2017-11-08 01:13:25,809524,809587,809713,0.09,0.03,12758.15035962,9537.83883076,256612.87683734
"584",2017-11-08 01:13:26,809301,809676,809703,0.01,0.03,12728.77935986,9538.49883076,256643.67683734
"585",2017-11-08 01:13:27,809301,809301,809487,8.99000245,0.03,12718.73936231,9533.60112937,256664.30683808
"586",2017-11-08 01:13:28,809524,809302,809486,5.1,7,12727.26036182,9537.23113085,256663.79783734
"587",2017-11-08 01:13:29,809486,809302,809486,1.1,6.89,12828.90726183,9522.39373013,256667.29783734
"588",2017-11-08 01:13:30,809486,809302,809486,1,3.7365,12813.66146182,9519.82023013,256671.29578734
"589",2017-11-08 01:13:31,809486,809303,809486,0.59,0.7281,12836.26056255,9515.49483088,256673.70878734
"590",2017-11-08 01:13:32,809301,809301,809484,0.39000049,0.0501,12852.07606206,9515.51513001,256665.1939878
"591",2017-11-08 01:13:33,809302,809302,809485,0.56,0.0565,12858.28566084,9538.31053104,256666.8839878
"592",2017-11-08 01:13:34,809302,809002,809400,0.33,5,12802.2693187,9543.00183077,256667.22463891
"593",2017-11-08 01:13:35,809302,809268,809399,0.01,7.6,12888.21861821,9538.05743016,256667.09234444
"594",2017-11-08 01:13:36,809003,809004,809399,0.24,7.6,12885.73361821,9547.72743066,256668.09127444
"595",2017-11-08 01:13:37,809000,809004,809398,0.16,1.3276,12894.54631821,9535.89333092,256675.14023099
"596",2017-11-08 01:13:38,809000,809000,809001,4.67200342,0.3776,12701.58331871,9544.13633117,256679.16318754
"597",2017-11-08 01:13:39,809000,808950,809000,3.9,2.83249658,12748.90261676,9537.71002577,256686.19624751
"598",2017-11-08 01:13:40,809000,808950,809000,3.9,3.32099721,12697.59655693,9546.05782626,256685.20169688
"599",2017-11-08 01:13:41,808799,808799,808999,0.65730149,7,12703.57945203,9545.60628267,256693.35569861
"600",2017-11-08 01:13:42,808999,808799,808998,0.65730149,0.09,12700.4283995,9544.21468218,256694.55569861
