"","time","lst","best_bid","best_ask","best_bid_size","best_ask_size","total_bid_depth","total_ask_depth","volume"
"1",2017-11-08 02:17:59,808505,808506,808527,0.55,0.01,13130.30172323,9626.93191101,252335.80597689
"2",2017-11-08 02:18:00,808527,808505,808527,0.7417984,0.00520086,13129.15672398,9609.22401027,252334.99277603
"3",2017-11-08 02:18:01,808500,808500,808507,0.7477984,1,13128.18672398,9615.74461126,252335.89178612
"4",2017-11-08 02:18:02,808492,808492,808684,0.2377984,0.01194419,13126.77672398,9614.49455545,252339.87878612
"5",2017-11-08 02:18:03,808689,808141,808592,0.3317984,0.39,13094.27672497,9612.05455545,252334.28878612
"6",2017-11-08 02:18:04,808689,808143,808592,0.99,0.39,13091.27402422,9612.97115545,252320.95950394
"7",2017-11-08 02:18:05,808689,808143,808527,2.4106,10,13091.24412422,9633.40535745,252319.74850394
"8",2017-11-08 02:18:06,808144,808144,808489,0.97213985,0.5,13092.22626407,9633.82205745,252314.12436409
"9",2017-11-08 02:18:07,808489,808144,808527,1.88393985,10,13086.64136417,9632.08125745,252314.60836409
"10",2017-11-08 02:18:08,808489,808142,808527,1.5558,10,13080.85522383,9631.92225745,252298.99701681
"11",2017-11-08 02:18:09,808527,808145,808527,0.6,9.95,13086.26042457,9639.3582567,252287.75801681
"12",2017-11-08 02:18:10,808527,808213,808527,0.0135,9.95,13091.20492457,9635.1812567,252285.75801681
"13",2017-11-08 02:18:11,808527,808250,808526,0.4,0.0714,13059.49302457,9641.70725671,252283.11401681
"14",2017-11-08 02:18:12,808527,808415,808526,0.05,0.0714,13086.40052457,9658.39655696,252281.74461681
"15",2017-11-08 02:18:13,808527,808415,808500,0.05,0.3,13072.95292359,9659.81215671,252281.74361681
"16",2017-11-08 02:18:14,808000,808000,808500,2.67957408,0.3,13082.13062383,9669.26515709,252273.37361681
"17",2017-11-08 02:18:15,808415,808001,808415,1.8145,0.04520096,13088.79042383,9655.79415805,252272.16741585
"18",2017-11-08 02:18:16,807990,807872,807990,0.03,0.44832592,13093.97224924,9651.74058208,252280.86180706
"19",2017-11-08 02:18:17,807990,808251,808450,0.15167408,0.02,13094.14692332,9642.33545541,252281.21013298
"20",2017-11-08 02:18:18,808500,808100,808500,0.05,0.123,13081.99842351,9639.50445616,252282.21013298
"21",2017-11-08 02:18:19,808526,808526,808527,2.47537501,9.95,13100.36089901,9639.10085808,252279.82295911
"22",2017-11-08 02:18:20,808526,808526,808527,0.24847501,7.84,13101.88929827,9636.77035808,252282.15585911
"23",2017-11-08 02:18:21,807719,807719,808800,6.84515081,5.84607674,13081.08627472,9624.06835907,252289.37275797
"24",2017-11-08 02:18:22,807977,808526,808600,0.07,0.006,13084.47527496,9627.58758528,252263.93515772
"25",2017-11-08 02:18:23,807719,807720,808600,1.4442,0.006,13084.49097384,9622.55058478,252258.63315723
"26",2017-11-08 02:18:24,808638,807719,808638,4.93964968,0.854,13086.04677384,9626.80058528,252256.7329735
"27",2017-11-08 02:18:25,808527,808000,808522,0.02,0.03767408,13088.61077507,9626.45615936,252257.58129942
"28",2017-11-08 02:18:26,808522,808000,808522,0.02,0.03567408,13111.64591236,9627.57715936,252250.02761425
"29",2017-11-08 02:18:27,808522,808000,808522,0.02,0.03567408,13108.52446218,9628.17715788,252235.78761425
"30",2017-11-08 02:18:28,807936,807936,808450,1.2465,0.02,13108.85246293,9628.44715788,252234.97461425
"31",2017-11-08 02:18:29,807936,807936,808450,1.2465,0.02,13099.56346209,9640.85715788,252233.92461425
"32",2017-11-08 02:18:30,807936,807936,808450,1.2465,0.02,13091.61346135,9640.81515788,252208.47461425
"33",2017-11-08 02:18:31,807936,807936,808450,1.2465,0.02,13094.01346184,9640.85315812,252203.45808454
"34",2017-11-08 02:18:32,808450,808450,808522,2.98399888,1.03567408,13096.98756072,9639.19183021,252185.15908392
"35",2017-11-08 02:18:33,808522,808450,808522,2.98399888,2.03387482,13103.78756096,9638.97835687,252160.32908382
"36",2017-11-08 02:18:34,808450,808450,808522,2.97729888,2.03387482,13099.74105997,9636.97315612,252109.61756186
"37",2017-11-08 02:18:35,808450,808450,808520,1.92729888,0.023,13096.27105948,9637.62415687,252103.02650521
"38",2017-11-08 02:18:36,808450,808450,808520,1.92729888,0.023,13096.00215948,9639.40175712,252089.9181078
"39",2017-11-08 02:18:37,808450,808450,808520,0.92729888,0.023,13098.97315948,9639.4944823,252085.36326546
"40",2017-11-08 02:18:38,808521,808450,808521,0.92729888,0.1854,13098.97315948,9636.64115205,252078.84348845
"41",2017-11-08 02:18:39,808521,808450,808500,0.92729888,0.01195309,13088.06215948,9636.07810514,252074.78707432
"42",2017-11-08 02:18:40,808521,808450,808500,0.92729888,0.01195309,13114.2021618,9636.07910544,252069.02325233
"43",2017-11-08 02:18:41,808521,808450,808500,0.92729888,0.01195309,13120.82116401,9636.86870544,252066.52325233
"44",2017-11-08 02:18:42,808450,808450,808500,0.91729888,0.01195309,13124.81216401,9637.72280544,252058.05378581
"45",2017-11-08 02:18:43,808450,808450,808500,0.91729888,0.01195309,13113.98916228,9640.12280594,252057.95378581
"46",2017-11-08 02:18:44,808450,808450,808500,0.91579971,0.01195309,13123.3876641,9639.89870594,252055.68528498
"47",2017-11-08 02:18:45,808450,808450,808500,0.91579971,0.01195309,13115.58766386,9640.91050594,252044.22095632
"48",2017-11-08 02:18:46,808450,808450,808500,0.91579971,0.01195309,13106.61356337,9639.69570594,252042.22095632
"49",2017-11-08 02:18:47,808450,808450,808500,0.91579971,0.01195309,13110.82756411,9642.30740768,252041.06007506
"50",2017-11-08 02:18:48,808450,808450,808500,0.91579971,0.01195309,13115.25966337,9639.66570718,252031.32315705
"51",2017-11-08 02:18:49,808450,808450,808500,0.91579971,0.01195309,13101.45656262,9639.66570718,252017.31585308
"52",2017-11-08 02:18:50,808450,808450,808500,0.91579971,0.02390618,13115.06056361,9647.35336027,252015.00085308
"53",2017-11-08 02:18:56,808498,808450,808495,0.74889971,0.01195309,13109.88596287,9646.30511336,251986.20056895
"54",2017-11-08 02:18:57,808498,808450,808495,0.74889971,0.01195309,13108.52136386,9644.62511336,251985.56716895
"55",2017-11-08 02:18:58,808498,808450,808495,0.74889971,0.01195309,13115.07896386,9644.68631336,251985.56716895
"56",2017-11-08 02:18:59,808450,808450,808495,0.64739971,0.01195309,13105.37746337,9639.82511286,251973.56866895
"57",2017-11-08 02:19:00,808450,808450,808495,0.59669971,0.01195309,13114.92676411,9642.22511162,251973.61936895
"58",2017-11-08 02:19:01,808450,808450,808495,0.59169971,0.01195309,13107.27976139,9634.77511237,251971.17076895
"59",2017-11-08 02:19:02,808450,808450,808495,0.44129971,0.01195309,13115.12936361,9643.17511435,251961.72117039
"60",2017-11-08 02:19:03,808450,808450,808494,0.43930083,0.0727,13107.11936503,9644.4478146,251961.72117039
"61",2017-11-08 02:19:04,808450,808450,808495,0.29657083,0.01195309,13115.53463528,9644.4441146,251932.53249775
"62",2017-11-08 02:19:05,808450,808450,808495,0.29657083,0.01195309,13115.36763528,9641.41711286,251932.17249775
"63",2017-11-08 02:19:06,808450,808450,808495,0.10757083,0.01195309,13115.17863528,9647.44411311,251922.25549775
"64",2017-11-08 02:19:07,808450,808450,808495,0.10757083,0.01195309,13110.40863429,9653.90001311,251916.11699788
"65",2017-11-08 02:19:08,808450,808450,808494,0.10757083,0.0529,13110.70863404,9662.40101311,251907.88634788
"66",2017-11-08 02:19:09,808450,808450,808494,0.10757083,0.0529,13109.70863479,9683.38701013,251905.88134788
"67",2017-11-08 02:19:10,808450,808450,808495,0.00737083,0.01195309,13108.4284338,9689.80611112,251903.44154788
"68",2017-11-08 02:19:11,808251,808150,808251,0.006,0.44442893,13105.31016297,9696.58364154,251904.99891871
"69",2017-11-08 02:19:12,808500,808150,808500,0.006,9.11148202,13097.74076198,9683.66574204,251903.95891871
"70",2017-11-08 02:19:13,808500,808150,808500,0.006,9.11148202,13112.14076346,9676.15874204,251901.83902069
"71",2017-11-08 02:19:14,808500,808350,808500,0.01,9.11148202,13112.77076346,9672.48174204,251900.53902069
"72",2017-11-08 02:19:15,808500,808350,808495,0.01,0.01195309,13111.26316346,9672.96769513,251900.47902069
"73",2017-11-08 02:19:20,808500,808350,808383,0.01,0.01,13117.68506381,9653.22699394,251892.14282069
"74",2017-11-08 02:19:21,808500,808350,808383,0.01,0.01,13118.8850648,9653.22699394,251892.14282069
"75",2017-11-08 02:19:22,808500,808350,808500,0.016,8.14743511,13105.29126332,9651.35399394,251883.80372069
"76",2017-11-08 02:19:25,808009,808107,808494,0.532,0.005,13121.58356292,9662.56479334,251861.58684423
"77",2017-11-08 02:19:26,808009,808107,808494,0.532,0.005,13111.98356243,9662.56479334,251861.34684423
"78",2017-11-08 02:19:27,808009,808107,808494,0.532,0.005,13111.98356243,9661.16479334,251861.34684423
"79",2017-11-08 02:19:28,808009,808108,808450,1.1304,0.00149917,13135.73736341,9671.02089267,251818.34584423
"80",2017-11-08 02:19:33,808010,808012,808100,1.1189,0.1,13156.6222707,9673.2810934,251799.59484515
"81",2017-11-08 02:19:34,808449,808012,808449,1.1189,3.77800299,13153.1992707,9672.47909365,251791.59184515
"82",2017-11-08 02:19:35,808449,808100,808444,0.1,1,13151.8703707,9671.8890934,251790.43894515
"83",2017-11-08 02:19:36,808100,808011,808443,1.2154,1.2000005,13143.38577021,9662.12801617,251784.55894515
"84",2017-11-08 02:19:37,808011,808011,808438,1.1754,0.005,13164.24577095,9672.01301716,251783.91944515
"85",2017-11-08 02:19:38,808438,808012,808438,1.1593,0.002,13158.65366897,9681.61002038,251783.98244515
"86",2017-11-08 02:19:39,808011,808011,808438,1.0893,0.002,13155.58367021,9663.3725823,251773.42694515
"87",2017-11-08 02:19:40,808011,808011,808438,1.0893,0.002,13154.98367021,9661.07457956,251773.42694515
"88",2017-11-08 02:19:41,808011,808011,808438,1.0893,0.002,13154.96567021,9672.67358031,251773.33284515
"89",2017-11-08 02:19:42,808450,808011,808450,1.0893,7.60349992,13154.66567021,9665.00108031,251776.66284515
"90",2017-11-08 02:19:43,808450,808010,808111,0.2725,0.006,13153.57637021,9650.60807882,251776.66284515
"91",2017-11-08 02:19:44,808450,808111,808449,0.00479884,1.4975,13163.73416954,9660.34727921,251781.34464515
"92",2017-11-08 02:19:45,808474,808500,808522,0.02460008,0.81667618,13164.37076962,9659.37608004,251785.90309857
"93",2017-11-08 02:19:46,808450,808111,808450,0.00479884,8.9133,13141.70416831,9668.56938004,251780.62150968
"94",2017-11-08 02:19:47,808450,808111,808449,0.00479884,0.54,13143.06916905,9668.85727979,251762.42950968
"95",2017-11-08 02:19:48,808450,808111,808449,0.00479884,0.54,13152.20916954,9668.85727979,251762.42950968
"96",2017-11-08 02:19:49,808450,808111,808442,0.00479884,0.60000099,13135.1355683,9672.43938128,251761.10200968
"97",2017-11-08 02:19:50,808442,808111,808441,0.00479884,0.6,13138.26066756,9681.96098202,251761.08100968
"98",2017-11-08 02:19:51,808442,808111,808446,0.00479884,0.28,13141.46281377,9681.59818145,251751.08100968
"99",2017-11-08 02:19:52,808442,808111,808440,0.00479884,0.6,13153.99756075,9680.47017922,251741.99335524
"100",2017-11-08 02:19:53,807774,807774,808439,1.13799933,0.48,13147.034961,9684.03947997,251740.85793599
"101",2017-11-08 02:19:54,807774,808199,808439,1,7.36960124,13139.01496102,9673.89998101,251739.05959539
"102",2017-11-08 02:19:55,808439,808200,808438,0.6,0.28,13140.01056102,9674.16038151,251730.05959539
"103",2017-11-08 02:19:56,808439,808200,808438,1.2,0.88,13141.21056176,9676.46038151,251730.04959539
"104",2017-11-08 02:19:57,808439,808330,808438,0.05,0.6,13140.85896275,9676.48038151,251725.04959539
"105",2017-11-08 02:19:58,808439,808330,808438,0.05,0.85,13140.70896317,9675.83038151,251724.35824381
"106",2017-11-08 02:19:59,808439,808330,808438,0.05,0.42,13135.73287559,9673.43070483,251716.75804309
"107",2017-11-08 02:20:00,808202,808202,808359,0.155,0.00820024,13133.54687559,9671.40890457,251706.24634819
"108",2017-11-08 02:20:01,808293,808202,808293,1.1154,0.007,13144.49823708,9672.67690432,251703.98364846
"109",2017-11-08 02:20:02,808435,808202,808435,0.155,0.59320024,13141.99583644,9672.75086607,251661.95715022
"110",2017-11-08 02:20:03,808435,808202,808432,0.155,0.005,13143.01463644,9678.48166583,251661.84615022
"111",2017-11-08 02:20:04,808435,808202,808432,0.155,0.005,13143.01783644,9686.76466583,251658.82435481
"112",2017-11-08 02:20:05,808435,808202,808398,0.155,0.5,13138.61443595,9691.44866484,251653.46635481
"113",2017-11-08 02:20:06,808435,808202,808398,0.155,0.5,13137.6098862,9698.29066409,251650.04304765
"114",2017-11-08 02:20:07,808435,808202,808398,0.155,0.5,13138.2758862,9691.02666484,251649.54304765
"115",2017-11-08 02:20:08,808435,808202,808397,0.155,0.44,13138.3758862,9697.21366514,251648.82304765
"116",2017-11-08 02:20:09,808397,808202,808398,0.755,10.5,13144.42888719,9695.03666514,251648.60537133
"117",2017-11-08 02:20:10,808397,808202,808397,0.755,0.51,13144.10988644,9686.15166538,251642.69287156
"118",2017-11-08 02:20:11,808202,808202,808388,0.725,0.01,13140.67988571,9684.46966538,251638.33817156
"119",2017-11-08 02:20:12,808203,808203,808388,0.9066,0.01,13093.31948645,9695.45466811,251637.76177156
"120",2017-11-08 02:20:13,808203,808204,808388,0.9366,0.01,13088.44448546,9695.94466811,251631.91497177
"121",2017-11-08 02:20:14,808203,808202,808388,0.6,0.01,13088.44948546,9696.00466811,251631.71397177
"122",2017-11-08 02:20:15,808388,808202,808388,0.57,0.00820014,13086.51888497,9707.3053693,251631.73177163
"123",2017-11-08 02:20:16,808388,808202,808388,0.57,0.00820014,13088.31888545,9709.68526955,251631.73177163
"124",2017-11-08 02:20:17,808202,808202,808388,0.54,0.00820014,13065.0828857,9688.92844127,251628.51177163
"125",2017-11-08 02:20:18,808202,808202,808388,0.54,0.00820014,13063.45068496,9687.72824052,251621.51177163
"126",2017-11-08 02:20:19,808202,808202,808388,0.53850033,0.50820014,13063.55418529,9681.71924008,251615.5417713
"127",2017-11-08 02:20:20,808202,808202,808388,0.53850033,0.50820014,13058.55118529,9670.75483933,251584.88377233
"128",2017-11-08 02:20:21,808202,808202,808388,0.53850033,0.50820014,13062.79378529,9669.49443933,251578.07967233
"129",2017-11-08 02:20:22,808202,808202,808387,0.53850033,0.3973,13067.70148431,9671.27673933,251567.03967233
"130",2017-11-08 02:20:23,808202,808202,808380,0.53850033,0.1,13071.92548653,9671.35563818,251555.73967233
"131",2017-11-08 02:20:24,808202,808202,808380,0.53850033,0.1,13070.31422764,9678.59433714,251543.10677233
"132",2017-11-08 02:20:25,808202,808202,808380,0.53850033,0.1,13070.05722838,9669.58933738,251531.07677233
"133",2017-11-08 02:20:26,807939,807902,807939,0.002,0.313039,13069.72316631,9690.25367788,251511.26373333
"134",2017-11-08 02:20:28,807939,807857,807939,0.01,0.31154013,13070.25696582,9692.72547936,251485.1921322
"135",2017-11-08 02:20:35,807618,807499,807934,0.76282,0.005,13061.41808768,9682.34787872,251465.84523043
"136",2017-11-08 02:20:36,807938,807741,807823,0.01,0.492,13070.9404894,9690.96587922,251464.29576417
"137",2017-11-08 02:20:37,807938,807741,807823,0.01,0.492,13070.04118915,9690.59807889,251464.29576417
"138",2017-11-08 02:20:38,807823,807310,807351,0.0067,0.01,13045.15526915,9691.97227889,251478.97576417
"139",2017-11-08 02:20:39,807300,807301,807351,1.2,0.01,13047.93601965,9690.59347847,251469.24576417
"140",2017-11-08 02:20:40,807310,807301,807310,1.17,8.35579951,13037.99551874,9693.87527683,251460.84996466
"141",2017-11-08 02:20:41,807310,807301,807310,1.17,8.35579951,13042.7955185,9704.47627857,251460.42284086
"142",2017-11-08 02:20:42,807310,807300,807305,3.91865339,0.005,13056.9934185,9698.10037857,251461.09284086
"143",2017-11-08 02:20:43,807310,807300,807305,3.91865339,0.005,13057.61256467,9698.09837703,251456.29284086
"144",2017-11-08 02:20:44,807310,807300,807310,3.91865339,2.35779951,13057.95836467,9697.09537703,251457.09584086
"145",2017-11-08 02:20:45,807820,807330,807819,0.3,0.38,13049.48646516,9699.37637846,251460.27634903
"146",2017-11-08 02:20:46,807927,807388,807927,0.492,10.200002,13065.2584654,9692.00257845,251458.41674928
"147",2017-11-08 02:20:47,807927,807388,807927,0.492,17.40000399,13058.67496507,9699.50258044,251453.12437279
"148",2017-11-08 02:20:48,807388,807388,807926,0.392,1.1142,13063.49326491,9699.30024006,251446.19222163
"149",2017-11-08 02:20:49,807927,807301,807927,3.22139934,12.51420374,13063.39546392,9695.60024006,251450.69222163
"150",2017-11-08 02:20:50,807800,807800,807927,0.7671795,12.51420374,13067.65814342,9693.63024006,251451.54126198
"151",2017-11-08 02:20:51,807800,807310,807634,2,0.60000075,13062.55886491,9694.05436247,251452.50724082
"152",2017-11-08 02:20:52,807800,807805,807926,0.005,0.8128,13047.57636613,9689.44713882,251442.50724082
"153",2017-11-08 02:20:53,807400,807400,807900,0.22418,0.002,13046.97214613,9689.40013726,251440.38076082
"154",2017-11-08 02:20:54,807401,807401,807800,1.3630602,0.0336,13046.27710526,9690.27993876,251427.86170095
"155",2017-11-08 02:20:55,807669,807669,807900,0.044,0.002,13048.28960493,9682.53213676,251426.75970095
"156",2017-11-08 02:20:56,807669,807669,807799,0.044,0.0067,13070.55506755,9693.54273751,251419.29090095
"157",2017-11-08 02:20:57,807402,807402,807759,0.56510033,0.01,13069.28980768,9697.50713826,251411.38190095
"158",2017-11-08 02:20:58,807300,807403,807759,0.7914,0.01,13060.77900735,9696.00213925,251412.78090095
"159",2017-11-08 02:20:59,807300,807402,807688,1,0.0033,13055.67410744,9696.48133967,251401.38894194
"160",2017-11-08 02:21:00,807300,807403,807688,0.56510033,0.0033,13065.22380695,9686.38133842,251397.39894194
"161",2017-11-08 02:21:01,807403,807403,807758,0.35640033,0.061,13052.25100572,9688.08733867,251398.39894194
"162",2017-11-08 02:21:02,807403,807688,807744,1,0.0033,13065.78370669,9689.36733867,251383.4032192
"163",2017-11-08 02:21:03,807688,807688,807744,0.9,0.0033,13060.66710612,9690.680339,251379.77826092
"164",2017-11-08 02:21:04,807688,807688,807758,0.86,1.666,13066.61880636,9688.72413825,251379.53826269
"165",2017-11-08 02:21:05,807688,807412,807597,0.00179986,0.34000372,13065.14230573,9694.27414297,251370.99826092
"166",2017-11-08 02:21:06,807688,807412,807597,0.00179986,0.34000372,13065.52640647,9694.88414297,251345.21131957
"167",2017-11-08 02:21:07,807688,807412,807597,0.00179986,0.34000372,13065.38780647,9704.31354123,251344.68831957
"168",2017-11-08 02:21:08,807700,807412,807700,0.00179986,0.35740372,13059.45650623,9700.81154048,251338.23271883
"169",2017-11-08 02:21:09,807700,807698,807699,0.35,0.60000075,13066.43936875,9724.05454223,251337.00443021
"170",2017-11-08 02:21:10,807698,807698,807699,0.15,1.800001,13066.559369,9735.98654298,251331.70443021
"171",2017-11-08 02:21:11,807698,807412,807699,0.00179986,1.800001,13066.854069,9718.94824098,251320.58443021
"172",2017-11-08 02:21:12,807698,807412,807699,0.00179986,1.20000025,13062.94826876,9693.77614256,251299.98443021
"173",2017-11-08 02:21:13,807698,807412,807596,0.00179986,0.6,13062.90264618,9688.99914255,251294.01843021
"174",2017-11-08 02:21:14,807698,807412,807700,0.00179986,10.35740372,13054.83452342,9679.74314155,251289.01843021
"175",2017-11-08 02:21:15,807698,807412,807700,0.00179986,10.35740372,13057.21252391,9680.9431418,251273.11023021
"176",2017-11-08 02:21:16,807700,807412,807700,0.00179986,9.95740372,13059.30552391,9663.65604055,251272.90753022
"177",2017-11-08 02:21:17,807700,807600,807699,0.5347,0.6,13059.01622292,9671.25604205,251272.30752997
"178",2017-11-08 02:21:18,807759,807760,807780,0.6,0.1,13065.75082018,9661.38763833,251284.87493369
"179",2017-11-08 02:21:19,807899,807799,807899,0.379,2.3000015,13063.30961821,9659.66743833,251286.37493369
"180",2017-11-08 02:21:20,807759,807759,807800,0.63259478,0.002,13067.69113463,9658.8883531,251288.43433619
"181",2017-11-08 02:21:21,807759,807700,807800,0.05,0.002,13055.18854083,9668.73235385,251273.04881758
"182",2017-11-08 02:21:22,807650,807760,807800,0.4206,0.002,13074.52624083,9647.0323506,251262.80881758
"183",2017-11-08 02:21:23,807650,807765,807800,1,0.002,13032.93134181,9686.1448531,251261.35481758
"184",2017-11-08 02:21:24,807650,807765,807800,1,0.002,13063.51394083,9695.58185335,251260.64871758
"185",2017-11-08 02:21:25,807650,807765,807800,1,0.002,13065.37699156,9693.78185285,251257.34781758
"186",2017-11-08 02:21:27,807800,807765,807899,1,1.45000025,13052.18398994,9688.1000516,251250.79091781
"187",2017-11-08 02:21:28,807800,807766,807899,0.978999,4.67540075,13052.17758845,9686.52545235,251250.79091781
"188",2017-11-08 02:21:29,807766,807767,807898,0.061,0.25,13054.03659046,9695.60005385,251239.86147572
"189",2017-11-08 02:21:30,807899,807767,807899,0.061,3.4500015,13058.45658972,9694.60005385,251207.92191183
"190",2017-11-08 02:21:31,807765,807765,807897,0.036999,0.600001,13056.51359021,9695.6754541,251190.71086174
"191",2017-11-08 02:21:32,807402,807662,807897,0.05,0.600001,13067.86359095,9694.6000541,251180.30476004
"192",2017-11-08 02:21:33,807402,807404,807799,0.4023,1.41,13066.50589119,9699.83205285,251170.10612773
"193",2017-11-08 02:21:34,807897,807428,807897,0.51,0.03200125,13067.61589168,9699.68205385,251175.11612773
"194",2017-11-08 02:21:35,807897,807428,807897,0.51,1.4897002,13057.60589119,9700.18975255,251162.26012773
"195",2017-11-08 02:21:36,807896,807896,807897,0.99800062,0.6,13067.37899181,9699.30005235,251154.05862706
"196",2017-11-08 02:21:37,807896,807500,807800,0.1926,0.00149917,13062.78489144,9700.0282509,251136.66212773
"197",2017-11-08 02:21:38,807805,807560,807805,0.0674,0.30049855,13066.99689168,9701.5551499,251122.53657675
"198",2017-11-08 02:21:39,807805,807501,807805,0.5426,0.30049855,13067.85009168,9706.13623613,251113.09557675
"199",2017-11-08 02:21:40,807805,807502,807805,0.702,4.30049855,13065.07209094,9710.60623613,251105.29557675
"200",2017-11-08 02:21:41,807561,807561,807798,0.0074,0.60000025,13067.5817448,9711.42063676,251098.0688767
"201",2017-11-08 02:21:42,807561,807503,807805,0.702,4,13063.28234456,9712.09743651,251093.57313097
"202",2017-11-08 02:21:43,807561,807503,807535,0.5461,0.004,13063.42644456,9713.70523651,251081.31525444
"203",2017-11-08 02:21:44,807507,807507,807535,0.0024,0.004,13064.13084456,9708.90523626,251069.05625628
"204",2017-11-08 02:21:45,807507,807507,807535,0.0024,0.004,13062.94184333,9706.23523726,251046.5431405
"205",2017-11-08 02:21:46,807504,807504,807535,0.6244,0.004,13063.86184333,9715.43723726,251028.13225175
"206",2017-11-08 02:21:47,807504,807521,807535,0.015,0.004,13063.31184333,9712.51343726,251020.26744705
"207",2017-11-08 02:21:48,807504,807504,807535,0.5722,0.004,13063.06354431,9714.43783701,251012.92644705
"208",2017-11-08 02:21:49,807504,807504,807535,0.5622,0.004,13051.31794358,9712.13783651,251011.93844705
"209",2017-11-08 02:21:50,807500,807500,807535,0.154799,0.004,13052.55354307,9702.78783576,251012.33704805
"210",2017-11-08 02:21:51,807600,807428,807600,0.074799,0.004,13053.07064332,9696.90483476,251003.10404805
"211",2017-11-08 02:21:52,807764,807300,807764,0.5155305,0.6104,13050.47464257,9697.02483476,251006.1040488
"212",2017-11-08 02:21:53,807125,807125,807400,0.6585805,0.4555,13047.07464281,9711.34093701,250976.8480488
"213",2017-11-08 02:21:54,807400,807100,807400,50,0.0555,13038.38206231,9712.5609395,250973.6517488
"214",2017-11-08 02:21:55,807400,807100,807400,50,0.0555,13038.38206231,9712.5609395,250973.6517488
"215",2017-11-08 02:21:56,807399,807040,807399,10.756,1.03480004,12999.74616181,9715.32133984,251027.75190023
"216",2017-11-08 02:21:57,807000,806957,807000,0.014,11.01899976,12946.14516157,9721.1833396,251056.12290047
"217",2017-11-08 02:21:58,806800,806800,807000,4.88140049,9.97729976,12936.65416157,9729.54944031,251063.28990948
"218",2017-11-08 02:21:59,806409,806409,807000,34.18940049,9.97729976,12914.67016108,9726.77443782,251079.70971386
"219",2017-11-08 02:22:00,806999,806410,806600,0.47,0.05,12910.75916157,9722.23283933,251093.511216
"220",2017-11-08 02:22:01,806409,806409,806600,15.90540049,0.05,12896.35916108,9721.33283959,251102.09009594
"221",2017-11-08 02:22:02,806672,806410,806539,0.31,0.02795,12914.1291633,9725.67838955,251080.35329604
"222",2017-11-08 02:22:03,806539,806602,806999,2.37205024,1.1838,12915.26021255,9715.3174383,251080.31895563
"223",2017-11-08 02:22:04,806595,806894,806998,0.59500074,1.1505,12917.18116379,9719.98514059,251075.12305787
"224",2017-11-08 02:22:05,806998,806600,806997,0.00179896,0.18,12924.51796299,9720.21214069,251060.83180787
"225",2017-11-08 02:22:06,806998,806600,806894,0.00179896,0.595,12919.81646226,9708.82354048,251053.04980787
"226",2017-11-08 02:22:07,806602,806433,806894,0.01329896,0.582,12903.89646177,9709.11654098,251054.51580879
"227",2017-11-08 02:22:08,806431,806506,806747,0.1952,0.238,12913.50166275,9706.17013998,251054.20980831
"228",2017-11-08 02:22:09,806431,806433,806747,0.2059,0.238,12913.75236275,9709.12713949,251053.24980783
"229",2017-11-08 02:22:10,807100,807100,807171,17.2814,0.05,12931.20376275,9706.48753949,251049.96580748
"230",2017-11-08 02:22:11,807100,807100,807157,14.0644,0.2224,12933.48086147,9707.50623899,251049.57280508
"231",2017-11-08 02:22:12,807100,807100,807157,12.9244,0.2224,12930.30716147,9709.38243799,251048.12930508
"232",2017-11-08 02:22:13,807100,807101,807157,2.5239,0.2224,12932.19786048,9715.99303724,251046.63952908
"233",2017-11-08 02:22:14,807250,807250,807269,19.7076,0.014,12952.82751048,9725.11963799,251045.7189786
"234",2017-11-08 02:22:15,807250,807250,807269,24.7076,0.014,12954.63410974,9742.54813904,251043.2389786
"235",2017-11-08 02:22:16,807535,807250,807535,24.7076,0.1802005,12954.8924087,9754.14314227,251043.0239757
"236",2017-11-08 02:22:17,807535,807269,807478,0.014,0.0099,12973.92040993,9744.73384302,251043.69276059
"237",2017-11-08 02:22:18,807534,807260,807406,16,2.40000075,12972.97741003,9740.03344377,251043.40736059
"238",2017-11-08 02:22:19,807406,807260,807406,16,2.39900075,12972.97740978,9739.15044377,251035.09073805
"239",2017-11-08 02:22:20,807260,807260,807406,13.19999801,0.39700075,13032.69500755,9732.85144377,251009.36634004
"240",2017-11-08 02:22:21,807260,807260,807406,12.79699801,0.39700075,13036.0814073,9717.77034202,251003.20512925
"241",2017-11-08 02:22:22,807535,807535,807627,18.07859875,0.0099,13052.87500605,9722.41274177,251001.1985305
"242",2017-11-08 02:22:23,807535,807535,807627,33.07459875,0.0099,13120.99680704,9720.07774177,250999.5145305
"243",2017-11-08 02:22:24,807750,807535,807750,33.07459875,0.649,13122.99000778,9717.89794152,250995.8522076
"244",2017-11-08 02:22:25,807750,807536,807750,1.4165,0.63462,13071.94000979,9725.08056018,250977.3665876
"245",2017-11-08 02:22:26,807764,807536,807618,1.4165,0.01,13059.54301178,9720.69056043,250981.2765876
"246",2017-11-08 02:22:27,807763,807535,807763,5,0.17,13031.90001006,9724.87793043,250975.2965876
"247",2017-11-08 02:22:28,807765,807536,807765,2.3761,2.00462274,13002.79751129,9719.84912794,250978.2965876
"248",2017-11-08 02:22:29,807790,807536,807790,2.3761,0.08462349,13005.90040929,9720.32912919,250980.7365876
"249",2017-11-08 02:22:30,807649,807765,807790,0.00329896,0.08462349,13010.82070815,9724.54187719,250978.64947001
"250",2017-11-08 02:22:31,807898,807765,807879,0.00329896,0.05,13005.14510815,9711.84187719,250992.63625892
"251",2017-11-08 02:22:32,807898,807765,807879,0.00329896,0.05,12948.29110815,9711.87187669,250992.63625892
"252",2017-11-08 02:22:33,807870,807765,807842,0.00329896,0.028,12947.71110766,9713.90087868,250990.93425892
"253",2017-11-08 02:22:34,807765,807765,807898,0.00180009,1.59367548,12909.40320731,9701.90087719,250993.2726581
"254",2017-11-08 02:22:35,807765,807765,807898,0.00080009,1.09367548,12916.71570879,9713.40087868,250986.37338844
"255",2017-11-08 02:22:36,807763,807730,807763,0.1,2.99519991,12912.35650894,9717.59607884,250941.85338853
"256",2017-11-08 02:22:37,807763,807730,807763,0.1,2.99419991,12922.30680894,9717.45907884,250941.85438853
"257",2017-11-08 02:22:38,807650,807650,807763,1.1169,2.99419991,12922.46180993,9717.24238044,250942.02438853
"258",2017-11-08 02:22:39,807660,807660,807762,4.601,0.22,12921.54590894,9719.73701298,250940.87058853
"259",2017-11-08 02:22:40,807660,807660,807762,3.601,0.22,12925.34590993,9720.77168049,250941.77058853
"260",2017-11-08 02:22:41,807762,807661,807762,0.89,0.49170114,12921.16340944,9720.05988089,250940.73996631
"261",2017-11-08 02:22:42,807762,807661,807723,0.89,0.08,12921.56340993,9720.87817875,250938.46396631
"262",2017-11-08 02:22:43,807762,807661,807723,0.89,0.08,12923.08340993,9727.13537875,250937.46196631
"263",2017-11-08 02:22:44,807762,807661,807723,0.89,0.08,12917.2794087,9726.9781795,250935.77676515
"264",2017-11-08 02:22:45,807722,807649,807722,0.049,0.383,12917.94240894,9730.6831795,250935.81596529
"265",2017-11-08 02:22:46,807722,807649,807660,0.049,0.5,12916.85230845,9731.26051149,250931.71596529
"266",2017-11-08 02:22:47,807722,807649,807660,0.049,0.5,12918.19128194,9729.98518075,250929.78596529
"267",2017-11-08 02:22:48,807570,807570,807649,0.09,0.952,12923.62528268,9736.1443325,250916.64496529
"268",2017-11-08 02:22:49,807570,807570,807649,0.09,0.952,12924.07758268,9738.7730325,250915.78496529
"269",2017-11-08 02:22:50,807570,807570,807649,0.09,0.952,12924.07758317,9735.7202325,250915.49396529
"270",2017-11-08 02:22:51,807649,807570,807649,0.09,0.452,12923.75758268,9718.196932,250913.59196621
"271",2017-11-08 02:22:52,807649,807570,807649,0.09,0.452,12924.37058317,9719.655431,250912.47684509
"272",2017-11-08 02:22:53,807570,807570,807649,0.089,1.452,12917.38858243,9722.84976249,250908.48784509
"273",2017-11-08 02:22:54,807536,807520,807536,0.1,4.021,12918.82558317,9728.27743,250902.46484509
"274",2017-11-08 02:22:55,807536,807520,807536,0.1,4.02,12910.13255612,9740.76453125,250898.013439
"275",2017-11-08 02:22:56,807520,807520,807535,0.099,0.6,12919.28555541,9731.83453125,250899.15062914
"276",2017-11-08 02:22:57,807520,807500,807520,0.1,0.001,12915.23525541,9733.91703125,250898.81922914
"277",2017-11-08 02:22:58,807520,807500,807535,0.1,0.6,12914.59685541,9733.09483125,250897.01922914
"278",2017-11-08 02:22:59,807500,807400,807535,0.1,0.6,12902.54955492,9725.74323024,250897.04980776
"279",2017-11-08 02:23:00,807400,807349,807400,0.002,0.39,12912.04955541,9736.83323024,250897.16080776
"280",2017-11-08 02:23:01,807349,807349,807399,0.001,0.6,12909.0838554,9751.45823024,250896.96480776
"281",2017-11-08 02:23:02,807299,807250,807299,0.009698,2.14680125,12911.62655491,9753.50503149,250896.59594006
"282",2017-11-08 02:23:03,807299,807250,807298,0.009698,0.599,12913.2265559,9745.5590305,250896.99750776
"283",2017-11-08 02:23:04,807299,807250,807299,0.009698,0.93300125,12911.99281038,9747.91822961,250894.65821324
"284",2017-11-08 02:23:05,807299,807250,807299,0.009698,0.93300125,12911.33721215,9748.13623041,250890.7126183
"285",2017-11-08 02:23:06,807299,807250,807299,0.009698,0.83300125,12910.24301191,9748.6245639,250889.47674806
"286",2017-11-08 02:23:07,807299,807250,807299,0.009698,0.82600125,12917.94401215,9748.77720607,250884.68874758
"287",2017-11-08 02:23:08,807245,807245,807299,0.035698,0.81600125,12916.79001116,9737.04940482,250881.84776735
"288",2017-11-08 02:23:09,807245,807245,807299,0.035698,0.81600125,12917.98071175,9743.24040705,250879.76400169
"289",2017-11-08 02:23:10,807245,807245,807299,0.035698,0.81600125,12917.35531175,9760.54980605,250878.56400073
"290",2017-11-08 02:23:11,807245,807245,807299,0.035698,0.81600125,12919.49961175,9760.6461063,250872.56400001
"291",2017-11-08 02:23:12,807245,807245,807299,0.035698,0.81600125,12916.79881101,9765.35940685,250861.51510001
"292",2017-11-08 02:23:13,807297,807245,807250,0.035698,0.99,12932.92781091,9764.60180446,250860.5254009
"293",2017-11-08 02:23:14,807297,807245,807250,0.035698,0.99,12922.40600993,9770.48180446,250858.4804009
"294",2017-11-08 02:23:15,807250,807101,807250,0.6,0.79,12922.31180993,9770.76660421,250856.0654009
"295",2017-11-08 02:23:16,807250,807102,807250,0.2,0.79,12918.22380993,9758.02260421,250855.24325153
"296",2017-11-08 02:23:17,807250,807120,807250,0.615,0.79,12944.78670993,9745.31860396,250852.18025153
"297",2017-11-08 02:23:23,807249,807120,807223,1.3,1,13008.6009144,9756.5775048,250833.86277418
"298",2017-11-08 02:23:24,807249,807120,807223,1.3,1,13001.11081316,9750.40980412,250832.86957418
"299",2017-11-08 02:23:29,807249,807196,807221,0.01,2.0353,13034.4156134,9740.93360592,250778.75366012
"300",2017-11-08 02:23:30,807249,807196,807221,0.01,2.0353,13019.91561267,9747.23360592,250774.09066012
"301",2017-11-08 02:23:31,807637,807196,807220,0.01,0.452,13048.4486132,9740.48560542,250780.09066012
"302",2017-11-08 02:23:32,807220,807460,807629,0.1,0.7938,13049.62301269,9741.32856225,250770.33230853
"303",2017-11-08 02:23:33,807220,807460,807637,0.1,0.6,13084.93071318,9740.88376195,250769.84377853
"304",2017-11-08 02:23:34,807630,807489,807630,0.004,0.097,13092.61261417,9733.91176195,250768.47837853
"305",2017-11-08 02:23:35,807630,807489,807630,0.004,0.097,13089.48261244,9724.91176145,250762.65837781
"306",2017-11-08 02:23:36,807638,807489,807534,0.004,0.01,13075.30161293,9733.42606145,250763.28107781
"307",2017-11-08 02:23:37,807534,807489,807534,0.004,0.005,13070.69001169,9733.42106145,250760.60063195
"308",2017-11-08 02:23:38,807534,807490,807534,0.091799,0.005,13074.16811175,9731.0277607,250757.62763147
"309",2017-11-08 02:23:39,807534,807490,807638,0.091799,0.80130075,13080.47971298,9730.6975607,250751.66243147
"310",2017-11-08 02:23:40,807650,807650,807749,10.5815005,0.002,13081.31321299,9719.09125995,250762.17208598
"311",2017-11-08 02:23:41,807650,807650,807730,9.3015,0.0463,13084.61841299,9719.0365607,250758.20308648
"312",2017-11-08 02:23:42,807650,807650,807749,9.3015,0.001,13087.36441225,9723.7992612,250756.40670116
"313",2017-11-08 02:23:43,807650,807650,807762,7.767899,1.20000075,13087.57681125,9716.49526219,250758.26340216
"314",2017-11-08 02:23:44,807650,807650,807750,7.23689786,1,13086.95710777,9716.29425994,250756.42020216
"315",2017-11-08 02:23:45,807650,807650,807750,7.23689786,1,13083.32710629,9716.59526143,250756.42020216
"316",2017-11-08 02:23:46,807897,807651,807897,0.362699,0.7428014,13073.6066048,9715.32706193,250748.25290216
"317",2017-11-08 02:23:47,807650,807650,807731,6.99959661,0.0457,13081.04060505,9716.37965893,250746.77067778
"318",2017-11-08 02:23:48,807650,807650,807896,6.99959661,0.4,13092.58060504,9722.59116026,250741.64157778
"319",2017-11-08 02:23:49,807650,807689,807896,0.5,0.68,13093.45670504,9734.17116274,250740.18057778
"320",2017-11-08 02:23:50,807650,807689,807855,0.5,0.0457,13083.81910504,9734.21686274,250740.14057778
"321",2017-11-08 02:23:51,807689,807690,807730,0.7789,0.00719925,13084.49910504,9726.06186124,250736.22581984
"322",2017-11-08 02:23:52,807898,807691,807857,0.043,0.0457,13085.70310553,9725.37520341,250736.27381984
"323",2017-11-08 02:23:53,807898,807691,807857,0.043,0.0457,13081.57300628,9725.97420311,250735.45911984
"324",2017-11-08 02:23:54,807550,807530,807534,0.1,3.8621,13073.55242945,9730.59060411,250728.55361912
"325",2017-11-08 02:23:55,807534,807530,807534,0.1,3.7671,13076.18493019,9727.23120361,250716.64361912
"326",2017-11-08 02:23:56,807534,807530,807534,0.1,3.7671,13075.88493019,9727.33820361,250716.38631912
"327",2017-11-08 02:23:57,807533,807530,807533,0.1,0.5743,13076.11743019,9727.93430361,250712.84711912
"328",2017-11-08 02:23:58,807533,807530,807533,0.1,0.5593,13102.23843029,9727.95072311,250703.73961912
"329",2017-11-08 02:23:59,807534,807530,807534,0.1,3.6264,13101.7984298,9724.37642286,250702.43961912
"330",2017-11-08 02:24:00,807534,807489,807534,0.004,0.3214,13107.37843053,9722.87242242,250705.56581912
"331",2017-11-08 02:24:01,807534,807534,807876,0.3886,0.5,13106.53702954,9723.46792242,250705.88721912
"332",2017-11-08 02:24:02,807534,807535,807808,0.6,0.0457,13099.78703004,9724.65012069,250705.83721912
"333",2017-11-08 02:24:03,807896,807535,807875,0.6,1.6365,13108.95407064,9710.54811666,250707.23721912
"334",2017-11-08 02:24:04,807896,807535,807875,0.6,1.6365,13109.20211065,9720.7481184,250706.91711912
"335",2017-11-08 02:24:05,807808,807535,807808,0.6,9.6043,13106.4840707,9726.51591815,250707.10011912
"336",2017-11-08 02:24:06,807808,807536,807790,0.0783,0.1,13107.0923707,9728.68891865,250692.34946629
"337",2017-11-08 02:24:07,807808,807535,807790,0.6638,0.1,13107.0778707,9733.60992065,250691.89846629
"338",2017-11-08 02:24:08,807808,807535,807790,0.6,0.1,13106.8077712,9735.03872065,250690.48846629
"339",2017-11-08 02:24:09,807808,807720,807739,0.1,0.0043,13107.0860712,9748.55002065,250691.86076629
"340",2017-11-08 02:24:10,807808,807535,807807,0.6,0.19,13118.4760712,9754.80237848,250694.60426702
"341",2017-11-08 02:24:11,807808,807534,807754,0.3886,0.0043,13122.77607194,9766.14909673,250690.49928702
"342",2017-11-08 02:24:12,807804,807534,807804,0.3886,0.02961964,13122.77607194,9766.81362209,250689.86308688
"343",2017-11-08 02:24:13,807808,807711,807808,0.05,5.67401964,13113.28607095,9767.8386211,250691.86308688
"344",2017-11-08 02:24:14,807808,807711,807808,0.05,5.67401964,13105.93207071,9773.72762209,250691.81308688
"345",2017-11-08 02:24:15,807808,807716,807808,0.446,3.16401964,13104.07407144,9762.79962209,250694.05308688
"346",2017-11-08 02:24:16,807291,807291,807808,0.1206,3.16401964,13108.87307169,9755.97620259,250695.85308688
"347",2017-11-08 02:24:17,807291,807717,807807,0.6,0.24,13109.80307169,9755.04840284,250690.46651183
"348",2017-11-08 02:24:18,807291,807669,807808,0.01,3.16401964,13108.83097169,9752.32250184,250688.9010598
"349",2017-11-08 02:24:19,807291,807669,807737,0.01,0.01,13095.1725712,9752.14130159,250686.0690598
"350",2017-11-08 02:24:20,807807,807669,807704,0.01,0.497,13099.03063204,9744.43850135,250686.1890598
"351",2017-11-08 02:24:21,807807,807669,807704,0.01,0.497,13114.24453278,9754.30420234,250678.80508694
"352",2017-11-08 02:24:22,807807,807669,807704,0.01,0.497,13114.53893278,9749.77420184,250670.60408694
"353",2017-11-08 02:24:23,807807,807669,807704,0.01,0.497,13108.64501066,9754.22320084,250670.49408694
"354",2017-11-08 02:24:24,807807,807669,807704,0.01,0.497,13108.63893344,9760.42720335,250670.16603443
"355",2017-11-08 02:24:25,807807,807669,807704,0.01,0.497,13094.57443097,9763.47320335,250669.06803401
"356",2017-11-08 02:24:26,807704,807704,807800,0.497,2.5,13106.76843245,9762.17420335,250669.55503401
"357",2017-11-08 02:24:27,807704,807704,807800,0.497,2.5,13107.06843245,9761.73420335,250666.99192746
"358",2017-11-08 02:24:28,807704,807704,807800,0.497,2.5,13106.70843245,9759.5752031,250666.93882746
"359",2017-11-08 02:24:29,807317,807391,807800,0.0772,2.5,13102.33863269,9759.5752031,250666.93782746
"360",2017-11-08 02:24:30,807317,807705,807800,0.2827,2.5,13090.45133096,9759.9752031,250666.75772746
"361",2017-11-08 02:24:31,807317,807392,807780,0.8125,0.5,13102.63893096,9763.6852031,250666.67772746
"362",2017-11-08 02:24:33,807523,807705,807780,0.998,0.49280025,13102.53143096,9762.02700335,250666.49692721
"363",2017-11-08 02:24:34,807705,807705,807779,0.996,1.4226,13106.53043096,9762.44960335,250660.49892721
"364",2017-11-08 02:24:35,807779,807706,807780,0.6,0.49280025,13097.66143072,9762.2310041,250658.42332721
"365",2017-11-08 02:24:36,807779,807706,807780,0.6,0.49280025,13107.25560843,9761.32987935,250658.42152835
"366",2017-11-08 02:24:37,807706,807706,807780,0.598,0.49280025,13108.60180843,9768.35250382,250658.42352835
"367",2017-11-08 02:24:38,807706,807706,807780,0.598,0.49280025,13108.60180843,9768.35250382,250658.32352835
"368",2017-11-08 02:24:39,807706,807706,807780,0.598,0.49280025,13108.60180843,9768.35250382,250657.89162835
"369",2017-11-08 02:24:40,807706,807706,807780,0.598,0.49280025,13087.2610077,9767.92350134,250655.87962835
"370",2017-11-08 02:24:41,807706,807706,807780,0.598,0.49280025,13095.40100943,9769.66840233,250655.87962835
"371",2017-11-08 02:24:42,807706,807706,807780,0.5948,0.49280025,13095.11780943,9760.37440164,250655.88282835
"372",2017-11-08 02:24:43,807706,807706,807780,0.5948,0.49280025,13095.12450943,9760.38110164,250655.88282835
"373",2017-11-08 02:24:44,807706,807706,807780,0.5748,0.49280025,13095.47870943,9762.05530164,250654.85282835
"374",2017-11-08 02:24:45,807706,807706,807780,0.5748,0.49280025,13110.17871016,9762.04530164,250654.35132908
"375",2017-11-08 02:24:46,807705,807705,807780,0.1678,0.49280025,13098.47871016,9759.63030164,250655.72932908
"376",2017-11-08 02:24:47,807121,807621,807650,0.05,0.02,13096.16591168,9760.09630164,250657.01432908
"377",2017-11-08 02:24:48,807121,807621,807650,0.05,0.02,13097.51641267,9767.56290263,250654.60978408
"378",2017-11-08 02:24:49,807650,807621,807650,0.05,0.01,13098.90911316,9768.42417816,250654.60978408
"379",2017-11-08 02:24:50,807626,807626,807704,0.0272,1.2504,13097.54131316,9765.72931912,250660.43676759
"380",2017-11-08 02:24:51,807704,807149,807704,0.498,0.8504,13100.77441341,9754.13031888,250660.66726759
"381",2017-11-08 02:24:52,807797,807690,807796,0.01,1.0504,13109.1259134,9753.93132022,250660.45726759
"382",2017-11-08 02:24:53,807797,807690,807796,0.01,1.0504,13108.4959134,9749.49131972,250659.89176759
"383",2017-11-08 02:24:54,807600,807149,807600,0.498,0.48850063,13103.47591316,9750.27982035,250633.68271979
"384",2017-11-08 02:24:55,807600,807150,807600,0.81,0.48850063,13113.79091365,9750.26182035,250633.67271979
"385",2017-11-08 02:24:56,807600,807399,807600,0.01,0.46130063,13114.69091316,9749.01699618,250623.69991979
"386",2017-11-08 02:24:57,807152,807200,807600,0.02,0.45950067,13101.09831317,9756.83341921,250617.92220805
"387",2017-11-08 02:24:58,807123,807400,807600,6,0.45950067,13108.39131317,9756.22711921,250616.14309866
"388",2017-11-08 02:24:59,807123,807400,807599,6,1.3709,13106.94131317,9767.19801996,250613.88089866
"389",2017-11-08 02:25:00,807123,807400,807590,6,0.01,13105.67621119,9765.58301996,250592.20789866
"390",2017-11-08 02:25:01,807599,807400,807599,6,1.3309,13103.7802107,9765.48231996,250587.46809866
"391",2017-11-08 02:25:02,807599,807400,807599,6,2.5309,13108.91921119,9768.4823222,250586.11654573
"392",2017-11-08 02:25:03,807400,807400,807504,5.998,0.487,13120.91521119,9760.1694215,250584.11854573
"393",2017-11-08 02:25:04,807504,807400,807504,5.998,0.48520084,13116.92321119,9765.18462384,250583.17034489
"394",2017-11-08 02:25:05,807400,807400,807504,3.498,0.48520084,13119.52321143,9767.18462384,250584.66934489
"395",2017-11-08 02:25:06,807400,807400,807499,3.098,0.005,13134.9232134,9765.75962235,250574.18594522
"396",2017-11-08 02:25:07,807400,807400,807499,3.008,0.005,13115.63321192,9766.6596226,250536.27594522
"397",2017-11-08 02:25:08,807400,807400,807499,1.6388,0.005,13114.86401241,9765.7596226,250528.82677306
"398",2017-11-08 02:25:09,807400,807400,807499,1.6388,0.005,13118.14381488,9771.9540226,250523.10677306
"399",2017-11-08 02:25:10,807499,807400,807499,1.6388,0.00820064,13117.56381439,9782.53822354,250522.52193694
"400",2017-11-08 02:25:11,807499,807400,807504,1.6388,0.48520084,13113.45381415,9780.8000219,250475.46339495
"401",2017-11-08 02:25:12,807778,807400,807778,1.6388,0.55470326,13113.04081316,9781.3860224,250450.86193694
"402",2017-11-08 02:25:13,807400,807400,807777,1.2388,1.0959,13117.16101341,9785.7555224,250443.65693694
"403",2017-11-08 02:25:14,807777,807400,807776,1.2388,4.80000025,13114.65421267,9791.03272217,250435.60623652
"404",2017-11-08 02:25:15,807777,807401,807563,0.2741,0.01,12760.35511292,9774.6529985,250433.59043652
"405",2017-11-08 02:25:16,807400,807376,807399,0.01,0.6,12757.14221292,9801.2940985,250391.99133652
"406",2017-11-08 02:25:17,807400,807380,807399,0.0272,0.6,12757.33021292,9808.55779925,250391.96133652
"407",2017-11-08 02:25:18,807399,807376,807399,0.01,1.34,12754.87731218,9806.84209875,250391.75033604
"408",2017-11-08 02:25:19,807399,807376,807399,0.01,1.33,12754.87731218,9807.4290995,250387.95743604
"409",2017-11-08 02:25:20,807399,807376,807399,0.01,1.33,12761.60141316,9811.46320148,250387.75743604
"410",2017-11-08 02:25:21,807778,807499,807778,0.00499935,7.00180351,12761.40143351,9761.16320148,250436.42443604
"411",2017-11-08 02:25:22,807379,807376,807379,0.0372,0.05780065,12781.26408514,9762.52645889,250436.6611427
"412",2017-11-08 02:25:23,807379,807381,807777,0.11989935,2.28,12781.84118449,9762.31665664,250435.98784335
"413",2017-11-08 02:25:24,807379,807402,807473,0.01,0.05,12775.00618391,9749.03305065,250433.49784335
"414",2017-11-08 02:25:25,807379,807416,807473,0.0272,0.05,12774.14378316,9748.03445065,250433.49784335
"415",2017-11-08 02:25:26,807147,807147,807473,0.397421,0.05,12772.04478292,9748.89905065,250434.49784335
"416",2017-11-08 02:25:27,807473,807326,807473,0.1082,0.04,12762.55298243,9758.23275065,250429.50584238
"417",2017-11-08 02:25:28,807473,807335,807473,0.01,0.04,12762.82318243,9748.26951459,250428.21346638
"418",2017-11-08 02:25:29,807473,807335,807473,0.01,0.04,12766.80888243,9748.33559785,250426.19976638
"419",2017-11-08 02:25:30,807473,807335,807473,0.01,0.04,12771.70388366,9760.9554986,250426.19976638
"420",2017-11-08 02:25:31,807473,807399,807468,0.00179966,0.005,12767.04338332,9752.55629885,250421.18987534
"421",2017-11-08 02:25:32,807473,807425,807468,0.38,0.005,12777.06558381,9761.4104996,250412.97985269
"422",2017-11-08 02:25:33,807425,807425,807468,0.377,0.005,12777.34338381,9770.15630059,250406.93285269
"423",2017-11-08 02:25:34,807425,807425,807468,0.376,0.005,12776.66558332,9781.13050134,250402.55265269
"424",2017-11-08 02:25:35,807425,807430,807468,0.02,0.005,12776.27558356,9780.15103884,250401.95065269
"425",2017-11-08 02:25:36,807199,807199,807468,0.16779966,0.005,12771.39338282,9778.76103884,250400.67805269
"426",2017-11-08 02:25:37,807199,807199,807399,0.16779966,0.3977,12771.67338282,9777.17953884,250399.39305269
"427",2017-11-08 02:25:38,807776,807430,807776,0.02,9.4577,12764.21338332,9775.57953785,250400.09054372
"428",2017-11-08 02:25:39,807776,807430,807775,0.02,1.1661,12765.53138381,9762.94563883,250390.08454372
"429",2017-11-08 02:25:40,807776,807430,807775,0.02,1.1661,12780.36208332,9758.13893833,250389.32820684
"430",2017-11-08 02:25:41,807776,807430,807775,0.02,1.1661,12755.83798381,9756.03893808,250387.32820684
"431",2017-11-08 02:25:42,807776,807430,807775,0.02,0.23481674,12756.92758332,9757.40765507,250380.24530513
"432",2017-11-08 02:25:43,807776,807430,807774,0.02,1.1405,12757.15618332,9758.54865209,250382.2049924
"433",2017-11-08 02:25:44,807776,807430,807774,0.02,16.1405,12756.94008332,9771.87545335,250382.1999924
"434",2017-11-08 02:25:45,807776,807476,807773,0.002,1.1405,12751.56998308,9770.6764527,250381.41211436
"435",2017-11-08 02:25:46,807201,807203,807773,0.21,1.1405,12749.87288332,9776.37845345,250374.22211436
"436",2017-11-08 02:25:47,807201,807203,807772,0.21,1.2,12742.79338382,9777.34363671,250373.16731532
"437",2017-11-08 02:25:48,807774,807772,807774,0.01,14.4405,12750.91338406,9775.44363671,250376.65431532
"438",2017-11-08 02:25:49,807772,807200,807771,0.7108,0.67,12753.85368382,9762.36313671,250376.16179634
"439",2017-11-08 02:25:50,807199,807212,807650,0.01,0.02,12750.25368382,9757.03313621,250376.55979609
"440",2017-11-08 02:25:51,807650,807713,807766,0.03,0.005,12749.68368308,9766.76853621,250375.36479584
"441",2017-11-08 02:25:52,807650,807713,807766,0.03,0.005,12703.24858136,9768.96493621,250369.04479584
"442",2017-11-08 02:25:53,807202,807468,807713,0.00149977,0.03,12713.95518236,9766.94813422,250367.54479584
"443",2017-11-08 02:25:54,807776,807468,807775,0.00149977,0.219536,13073.6765827,9751.94813422,250372.49479584
"444",2017-11-08 02:25:55,807776,807468,807766,0.00149977,1.0218,13075.89058369,9746.27993323,250368.94079707
"445",2017-11-08 02:25:56,807776,807468,807775,0.00149977,0.219536,13094.27488418,9759.97543602,250368.92079707
"446",2017-11-08 02:25:57,807203,807203,807713,0.1654,0.01,13102.05278441,9761.89093592,250369.11879707
"447",2017-11-08 02:25:58,807203,807202,807713,16.96000271,0.01,13106.18438441,9761.81763592,250363.51879707
"448",2017-11-08 02:25:59,807713,807203,807713,1.3695,0.00820114,13107.00058441,9763.43757606,250363.91859665
"449",2017-11-08 02:26:00,807713,807205,807713,0.21,0.00820114,13109.22658416,9758.26205606,250363.77928067
"450",2017-11-08 02:26:01,807713,807206,807713,0.1827,0.00820114,13106.04928392,9758.26653656,250363.81437923
"451",2017-11-08 02:26:02,807713,807206,807713,0.1827,0.00820114,13097.28928293,9758.2665368,250363.21767923
"452",2017-11-08 02:26:03,807713,807482,807713,0.01,0.00820114,13098.19928244,9757.3235365,250363.21767923
"453",2017-11-08 02:26:04,807713,807482,807713,0.01,0.00820114,13098.19928244,9757.0343365,250363.21767923
"454",2017-11-08 02:26:05,807713,807482,807713,0.01,0.00820114,13104.50788244,9756.08093625,250363.21767923
"455",2017-11-08 02:26:06,807300,807300,807713,5.01,0.00820114,13105.47218293,9755.17543625,250356.48937923
"456",2017-11-08 02:26:07,807713,807300,807482,7.18,0.01,13103.91418293,9755.78013685,250356.99117819
"457",2017-11-08 02:26:08,807713,807301,807713,1.13,0.00640218,13113.24418293,9756.77013685,250349.25517831
"458",2017-11-08 02:26:09,807775,807302,807775,1.20000074,0.50640218,13097.45528244,9762.67013685,250350.49687863
"459",2017-11-08 02:26:10,807775,807302,807759,1.20000074,0.5995,13103.02528244,9762.69423467,250348.23287851
"460",2017-11-08 02:26:11,807302,807302,807482,1.19000074,10,13109.02328244,9769.30883442,250348.23287851
"461",2017-11-08 02:26:12,807302,807302,807482,1.19000074,10,13116.96028244,9770.36373616,250348.23287851
"462",2017-11-08 02:26:13,807302,807302,807481,1.19000074,0.6287,13108.98828244,9774.98690016,250347.38215819
"463",2017-11-08 02:26:14,807482,807302,807481,1.19000074,0.6287,13108.38828244,9773.59818912,250347.98215918
"464",2017-11-08 02:26:15,807482,807312,807482,0.01,5.44798797,13108.42028244,9772.21518813,250352.78216017
"465",2017-11-08 02:26:16,807482,807312,807402,0.01,0.002,13106.7112817,9777.50818783,250349.74115968
"466",2017-11-08 02:26:17,807482,807312,807482,0.01,5.43998797,13107.8145817,9788.98218684,250348.55115871
"467",2017-11-08 02:26:18,807482,807312,807482,0.01,5.42998797,13102.4871817,9794.03518882,250348.42115871
"468",2017-11-08 02:26:19,807482,807312,807482,0.01,5.42998797,13112.0871817,9788.61018882,250348.40516017
"469",2017-11-08 02:26:20,807482,807312,807482,0.01,5.42998797,13096.44285942,9777.64718907,250346.40316069
"470",2017-11-08 02:26:21,807482,807312,807481,0.01,0.50640218,13102.73986016,9781.44319225,250345.48216069
"471",2017-11-08 02:26:22,807302,807301,807481,1.5350799,0.49640218,13106.9352616,9775.26519225,250346.38716069
"472",2017-11-08 02:26:23,807302,807421,807481,0.01,0.49640218,13106.9552616,9768.39159002,250341.37016069
"473",2017-11-08 02:26:24,807301,807301,807482,0.05858064,4.75689015,13111.02876234,9768.43209002,250343.41986113
"474",2017-11-08 02:26:25,807482,807481,807482,0.00179946,4.75389015,13106.7496618,9762.80038857,250340.07286113
"475",2017-11-08 02:26:26,807482,807305,807482,0.01,4.25568802,13104.82486234,9756.9542759,250339.49946108
"476",2017-11-08 02:26:27,807482,807301,807482,1.15508064,4.25568802,13104.71486234,9756.9542759,250332.32886108
"477",2017-11-08 02:26:28,807482,807301,807482,1.15508064,4.25568802,13094.67996234,9759.3448954,250302.72886035
"478",2017-11-08 02:26:29,807482,807423,807482,0.05,4.25568802,13097.23346307,9759.9448954,250283.95106108
"479",2017-11-08 02:26:30,807482,807423,807482,0.05,4.25568802,13095.68466283,9759.6644954,250272.04066227
"480",2017-11-08 02:26:31,807482,807423,807482,0.05,4.25568802,13098.72426234,9755.56673515,250226.38640562
"481",2017-11-08 02:26:32,807482,807453,807482,0.019,4.25388856,13102.06126382,9774.91987822,250205.20720692
"482",2017-11-08 02:26:33,807482,807453,807482,0.019,4.25388856,13096.99126283,9756.28058778,250188.70220692
"483",2017-11-08 02:26:34,807482,807453,807482,0.019,4.25388856,13101.89476356,9756.58058778,250174.63999025
"484",2017-11-08 02:26:35,807482,807453,807482,0.019,4.25388856,13110.29126356,9750.23058728,250137.57098832
"485",2017-11-08 02:26:36,807482,807453,807482,0.019,4.25388856,13103.79476332,9750.23058728,250135.32108711
"486",2017-11-08 02:26:37,807482,807453,807482,0.019,4.25388856,13105.47226455,9752.63058728,250125.69238615
"487",2017-11-08 02:26:38,807308,807308,807482,2.12868438,4.25388856,13106.43544893,9754.92958872,250118.44859832
"488",2017-11-08 02:26:39,807308,807308,807482,1.12868438,4.25388856,13104.40544893,9755.93058902,250117.67739832
"489",2017-11-08 02:26:40,807482,807309,807481,1.03218512,0.16070931,13110.23763478,9760.72878956,250114.67909607
"490",2017-11-08 02:26:41,807482,807309,807481,1.03218512,0.76070931,13109.7089504,9761.92778583,250099.25667592
"491",2017-11-08 02:26:42,807481,807309,807481,1.03218512,0.75070931,13106.70244942,9760.71128583,250094.65087592
"492",2017-11-08 02:26:43,807481,807309,807481,0.60000074,0.14890985,13108.70026578,9758.55348593,250092.8032764
"493",2017-11-08 02:26:44,807481,807309,807481,0.60000074,0.14890985,13099.0128643,9762.38266219,250087.3232764
"494",2017-11-08 02:26:45,807301,807301,807325,0.15858138,0.001,13149.5957648,9753.37764255,250066.72928511
"495",2017-11-08 02:26:46,807301,807301,807310,0.15858138,0.38,13150.86576579,9752.79106091,250065.90338511
"496",2017-11-08 02:26:47,807301,807301,807310,0.15858138,0.38,13150.06716579,9752.30106166,250065.86128511
"497",2017-11-08 02:26:48,807301,807301,807310,0.15858138,0.38,13150.87976579,9755.30106191,250065.86128511
"498",2017-11-08 02:26:49,807151,807151,807310,0.79318237,0.38,13147.05976505,9759.14206242,250047.16938511
"499",2017-11-08 02:26:50,807151,807152,807309,0.4063,0.6,13141.87066579,9758.94366242,250045.51938511
"500",2017-11-08 02:26:51,807152,807151,807152,0.79318237,0.00190014,13150.24136603,9760.11476286,250044.22448497
"501",2017-11-08 02:26:52,807152,807151,807152,0.79318237,0.00190014,13154.02636628,9758.86123365,250043.53830331
"502",2017-11-08 02:26:53,807152,807149,807152,9.60000074,0.20939063,13150.4541849,9759.25502339,250041.88890331
"503",2017-11-08 02:26:54,807152,807147,807152,0.397421,0.20939063,13140.83418416,9760.18502364,250040.32170331
"504",2017-11-08 02:26:55,807152,807147,807152,0.397421,0.19939063,13151.43418465,9756.37372339,250039.83740331
"505",2017-11-08 02:26:56,807152,807101,807147,0.60000049,0.005,13150.73676365,9760.37502514,250039.03440331
"506",2017-11-08 02:26:57,807147,807100,807147,12.215,0.17739976,13153.8900634,9758.65923427,250003.29632355
"507",2017-11-08 02:26:58,807147,807158,807305,0.42260048,0.9676,13147.22766364,9743.49523376,249982.92672331
"508",2017-11-08 02:26:59,807147,807158,807304,0.42260048,0.33,13129.94666315,9743.55523426,249972.92672331
"509",2017-11-08 02:27:00,807199,807158,807325,0.42260048,0.001,13135.55766364,9742.98403401,249972.95272331
"510",2017-11-08 02:27:01,807199,807158,807325,0.42260048,0.001,13143.55366364,9743.23763401,249971.55262331
"511",2017-11-08 02:27:02,807100,807101,807325,0.60000049,0.001,13145.29366314,9743.82303231,249973.06408122
"512",2017-11-08 02:27:03,807100,807101,807325,0.60000049,0.001,13145.3426629,9748.02103246,249973.06408122
"513",2017-11-08 02:27:04,807100,807101,807325,0.60000049,0.001,13154.14066314,9759.22103246,249972.62308122
"514",2017-11-08 02:27:05,807101,807101,807210,0.59800049,0.05,13154.09306363,9755.37634176,249967.01678122
"515",2017-11-08 02:27:06,807101,807101,807210,0.59800049,0.05,13158.08706363,9758.49643221,249965.71778122
"516",2017-11-08 02:27:07,807101,807100,807210,10.98960048,0.05,13153.88416314,9758.79473221,249962.11578097
"517",2017-11-08 02:27:08,807474,807180,807299,0.01,1,13155.75036413,9759.91373116,249958.04717999
"518",2017-11-08 02:27:09,807474,807180,807299,0.01,1,13160.24836413,9763.98623216,249957.5686896
"519",2017-11-08 02:27:10,807474,807180,807298,0.01,0.93,13141.8303634,9783.55533241,249954.7686896
"520",2017-11-08 02:27:11,807474,807180,807297,0.01,0.33,13134.5256634,9793.53233241,249945.36688945
"521",2017-11-08 02:27:12,807474,807202,807296,0.38,0.33,13135.50766439,9788.42498167,249939.41853505
"522",2017-11-08 02:27:13,807299,807202,807299,0.38,0.93,13141.3016634,9790.04998117,249939.51753505
"523",2017-11-08 02:27:14,807299,807202,807299,0.38,0.32999951,13149.32086281,9788.10568118,249933.346311
"524",2017-11-08 02:27:15,807299,807202,807299,0.38,0.32999951,13159.9495633,9774.74968043,249925.62081026
"525",2017-11-08 02:27:16,807299,807202,807299,0.38,0.32999951,13160.5405633,9768.34968043,249889.02081001
"526",2017-11-08 02:27:17,807101,807101,807299,1.10000198,0.32999951,13154.05806414,9761.20868193,249890.43500976
"527",2017-11-08 02:27:18,807101,807100,807298,11.48960048,0.6,13152.65806216,9761.58964272,249891.96700976
"528",2017-11-08 02:27:19,807101,807102,807298,0.12,0.6,13138.39806118,9760.77868193,249891.26700976
"529",2017-11-08 02:27:20,807101,807102,807298,0.12,0.6,13152.79806191,9759.77478193,249890.82502375
"530",2017-11-08 02:27:25,807101,807101,807299,1.79500222,0.32999951,13135.58026415,9759.91598118,249876.05572375
"531",2017-11-08 02:27:26,807101,807101,807299,1.79500222,0.32999951,13140.38026464,9759.31598118,249875.75572375
"532",2017-11-08 02:27:27,807101,807101,807298,1.79500222,0.6,13140.68026464,9750.77948118,249875.10372375
"533",2017-11-08 02:27:28,807473,807101,807474,0.60000049,1,13143.48546291,9758.52318007,249875.87842375
"534",2017-11-08 02:27:29,807101,807299,807474,0.3299,1,13145.3653639,9758.74418157,249873.29942375
"535",2017-11-08 02:27:30,807312,807312,807473,0.005,0.6,13145.6138639,9757.16618157,249872.99942375
"536",2017-11-08 02:27:31,807474,807312,807474,0.005,0.973,13127.67346267,9756.32014286,249873.02542375
"537",2017-11-08 02:27:32,807300,807300,807367,0.0212,0.01,13142.56836291,9756.72844286,249872.73042375
"538",2017-11-08 02:27:33,807100,807102,807367,0.2081,0.01,13140.79946315,9742.38744036,249871.95532375
"539",2017-11-08 02:27:34,807001,807298,807473,1,0.583,13140.60946315,9756.76144335,249871.59232375
"540",2017-11-08 02:27:35,807001,807298,807380,1,0.533,12879.81346315,9760.8389436,249866.79232375
"541",2017-11-08 02:27:36,807380,807298,807380,1,0.133,12882.67116167,9761.1410436,249867.06032375
"542",2017-11-08 02:27:37,807380,807300,807343,1,0.38,12882.64236242,9759.2650431,249864.59039938
"543",2017-11-08 02:27:38,807380,807300,807343,1,0.38,12885.54716316,9755.49578231,249864.54139938
"544",2017-11-08 02:27:39,807343,807301,807343,0.01520014,0.26,12885.9152636,9761.48818231,249867.66319924
"545",2017-11-08 02:27:40,807300,807300,807343,0.91520014,0.26,12885.31526385,9761.01778231,249862.51609924
"546",2017-11-08 02:27:41,807300,807300,807343,0.91520014,0.26,12885.31526385,9761.45778206,249862.51609924
"547",2017-11-08 02:27:42,807300,807300,807380,0.91520014,0.133,12875.71526336,9760.75778206,249862.03509924
"548",2017-11-08 02:27:43,807300,807301,807380,0.60000049,0.133,12885.62926414,9758.46478176,249861.90659924
"549",2017-11-08 02:27:44,807300,807301,807380,0.60000049,0.133,12885.62926414,9749.54478126,249861.89580944
"550",2017-11-08 02:27:45,807300,807301,807380,0.60000049,0.133,12884.42926315,9744.63478126,249861.83480944
"551",2017-11-08 02:27:46,807380,807301,807380,0.60000049,0.083,12885.64926414,9749.10478126,249861.88280944
"552",2017-11-08 02:27:47,807342,807356,807380,4.9e-07,0.083,12885.02926389,9749.00478026,249856.43433951
"553",2017-11-08 02:27:48,807342,807356,807380,4.9e-07,0.083,12886.02266414,9748.79218026,249856.1460426
"554",2017-11-08 02:27:49,807356,807300,807341,0.91520014,0.35999951,12876.42266316,9747.36617977,249855.93104309
"555",2017-11-08 02:27:50,807356,807300,807380,0.91520014,0.083,12886.18766415,9747.00618026,249855.93104309
"556",2017-11-08 02:27:51,807001,807000,807298,2.70605,0.00149887,12870.12586129,9746.52863992,249862.03764343
"557",2017-11-08 02:27:52,807301,807301,807375,0.70000049,0.005,12876.53236178,9758.44257963,249861.72624343
"558",2017-11-08 02:27:53,807301,807302,807375,0.1,0.005,12881.33236202,9757.89017963,249860.40544507
"559",2017-11-08 02:27:54,807301,807302,807375,0.1,0.005,12881.36996202,9759.24098076,249857.33106934
"560",2017-11-08 02:27:55,807301,807363,807375,0.01,0.005,12880.77376153,9753.44708076,249855.9207974
"561",2017-11-08 02:27:56,807301,807363,807375,0.01,0.005,12881.37376202,9768.4470825,249854.80469762
"562",2017-11-08 02:27:57,807301,807363,807375,0.01,0.005,12872.98476262,9747.73708125,249853.6120974
"563",2017-11-08 02:27:58,807363,807363,807464,0.00870563,0.38,12875.38346899,9758.789582,249854.07089177
"564",2017-11-08 02:27:59,807301,807302,807464,0.6,0.38,12888.94806923,9761.0282825,249851.78068136
"565",2017-11-08 02:28:00,807002,807002,807473,1.94610662,1.3186,12887.97946923,9760.0482825,249851.38380536
"566",2017-11-08 02:28:01,807002,807022,807462,0.0122,0.6,12888.14416923,9758.80348151,249849.57380536
"567",2017-11-08 02:28:02,807002,807300,807462,0.01,0.6,12889.05196997,9763.23008226,249849.56280536
"568",2017-11-08 02:28:03,807002,807300,807461,0.01,0.36,12886.66766923,9763.26268226,249849.17020536
"569",2017-11-08 02:28:04,807461,807300,807461,0.01,1.1874,12875.85656933,9760.42274255,249850.67290536
"570",2017-11-08 02:28:05,807482,807300,807482,0.008,4.0614891,12875.42206983,9754.37278176,249849.66790536
"571",2017-11-08 02:28:06,807482,807026,807482,0.531,0.0614891,12874.5530681,9747.97278176,249847.32890536
"572",2017-11-08 02:28:07,807027,807027,807472,0.101,0.1475,12868.13906762,9752.34308176,249845.99160536
"573",2017-11-08 02:28:08,807027,807143,807472,0.12,0.1475,12880.17206841,9752.18028176,249845.68050536
"574",2017-11-08 02:28:09,807027,807274,807472,0.01,0.1475,12884.10846865,9752.22778176,249845.73050536
"575",2017-11-08 02:28:10,807697,807274,807472,0.01,0.5,12884.45936865,9754.38478151,249843.07610536
"576",2017-11-08 02:28:11,807697,807275,807300,0.43807842,0.00149887,12885.80154707,9768.28808038,249842.68967315
"577",2017-11-08 02:28:12,807697,807275,807300,0.43807842,0.00149887,12884.57884707,9767.72837963,249839.66767314
"578",2017-11-08 02:28:13,807275,807275,807300,0.38807842,0.00149887,12879.31084634,9780.34988038,249839.67467314
"579",2017-11-08 02:28:14,807275,807275,807300,0.38807842,0.00149887,12883.98984648,9784.22188038,249838.97367314
"580",2017-11-08 02:28:15,807275,807275,807300,0.38507842,0.00149887,12888.68984648,9786.53948038,249839.02147314
"581",2017-11-08 02:28:16,807275,807275,807299,0.38407842,0.06,12885.09084648,9777.04288038,249838.87047314
"582",2017-11-08 02:28:17,807300,807300,807472,0.00990113,0.5,12892.30074908,9768.93087982,249840.20997201
"583",2017-11-08 02:28:18,807300,807317,807472,0.12,0.5,12887.34674908,9759.70007982,249836.20997201
"584",2017-11-08 02:28:19,807300,807317,807472,0.12,0.5,12896.63684844,9760.04187982,249835.49887201
"585",2017-11-08 02:28:20,807300,807318,807472,0.5726,0.5,12896.13244819,9745.64187982,249828.93707201
"586",2017-11-08 02:28:21,807472,807287,807472,0.016,0.2605,12890.63984795,9749.60238081,249827.93587105
"587",2017-11-08 02:28:22,807276,807276,807699,0.5,4.5206,12892.68984771,9738.15247982,249818.93587105
"588",2017-11-08 02:28:23,807698,807472,807698,0.2605,1.19879986,12868.5153477,9742.40427968,249818.44647118
"589",2017-11-08 02:28:24,807698,807277,807462,0.534,0.01,12864.74934795,9741.13398541,249820.14647118
"590",2017-11-08 02:28:25,807776,807462,807697,0.01,0.56,12863.76484771,9731.70398541,249830.73366043
"591",2017-11-08 02:28:26,807776,807462,807697,0.01,0.56,12866.16484795,9731.70398541,249829.67109264
"592",2017-11-08 02:28:27,807180,807278,807697,0.6,0.56,12874.95084771,9731.70398541,249823.57109264
"593",2017-11-08 02:28:28,807808,807200,807808,0.02,0.3223339,12874.91244771,9725.5439864,249829.97789495
"594",2017-11-08 02:28:29,807808,807300,807462,2,0.01,12875.93644697,9727.35398715,249824.54289495
"595",2017-11-08 02:28:30,807808,807301,807462,1.42037274,0.01,13158.91881981,9727.1049877,249824.42839495
"596",2017-11-08 02:28:31,807406,807406,807808,0.00479996,0.3099539,13167.35402002,9727.0966077,249823.15777495
"597",2017-11-08 02:28:32,807406,807462,807808,0.01,0.1899539,13167.97702002,9721.70660571,249821.27977495
"598",2017-11-08 02:28:33,808000,807462,808000,0.00850113,1.8944039,13168.02552115,9719.81300844,249826.21517382
"599",2017-11-08 02:28:34,807582,807884,807906,0.521,0.08,13167.08801365,9724.29500844,249817.62417382
"600",2017-11-08 02:28:35,807948,807884,807948,0.521,0.282,13182.59791438,9715.09500794,249815.16513402
