"","time","lst","best_bid","best_ask","best_bid_size","best_ask_size","total_bid_depth","total_ask_depth","volume"
"1",2017-11-08 01:24:06,809506,809600,809696,0.2,0.01,12978.94670204,9402.3719043,257761.4017916
"2",2017-11-08 01:24:07,809600,809500,809572,0.75,0.01,12976.4112013,9405.53220331,257761.3517916
"3",2017-11-08 01:24:08,809600,809500,809572,0.75,0.01,12977.58120106,9406.82418218,257760.3517916
"4",2017-11-08 01:24:09,809825,809500,809825,0.75,1.3878,12978.18120155,9405.80074696,257764.6517916
"5",2017-11-08 01:24:10,809500,809500,809511,0.74,0.01,12978.43120155,9383.75794497,257764.6517916
"6",2017-11-08 01:24:11,809500,809501,809511,0.6,0.01,12975.4612018,9386.39890604,257764.5707916
"7",2017-11-08 01:24:12,809510,809500,809510,0.53,6.99820014,12978.84330253,9395.8472045,257765.33299146
"8",2017-11-08 01:24:13,809500,809500,809501,0.52,0.3522,12977.91405247,9390.16410313,257766.29299146
"9",2017-11-08 01:24:14,809500,809410,809500,0.05,0.08,12984.70275296,9402.83204206,257766.38199146
"10",2017-11-08 01:24:15,809500,809410,809499,0.05,7,12980.50275247,9434.19204306,257766.38199146
"11",2017-11-08 01:24:16,809511,809572,809602,0.89,0.05,12978.0527537,9427.91904306,257776.42899146
"12",2017-11-08 01:24:17,809573,809044,809182,0.54,1.1302,12978.36789018,9442.27524306,257769.3771918
"13",2017-11-08 01:24:18,809573,809042,809500,1.20000074,2,12977.92699018,9442.75008843,257752.4728918
"14",2017-11-08 01:24:19,809181,809045,809181,7,0.07820034,12985.22789018,9432.95918917,257746.09369146
"15",2017-11-08 01:24:20,809181,809047,809499,0.26,0.6,12978.79789018,9423.75298883,257741.05869146
"16",2017-11-08 01:24:21,809046,809046,809149,0.29,0.17,12979.37789018,9419.14718836,257717.171707
"17",2017-11-08 01:24:22,809046,809046,809149,0.29,0.17,12978.0978897,9418.89928837,257686.961707
"18",2017-11-08 01:24:23,809042,809042,809149,0.40690074,0.07,12965.9507897,9416.28529023,257665.793907
"19",2017-11-08 01:24:24,809042,809042,809148,0.90690074,0.6666,12974.1487897,9417.43278837,257636.74150627
"20",2017-11-08 01:24:25,809148,809048,809144,7,0.005,12989.1237897,9422.2220868,257607.99450602
"21",2017-11-08 01:24:26,809147,809049,809147,0.27,0.93980034,12982.4147897,9429.80778837,257579.89950602
"22",2017-11-08 01:24:27,809043,809043,809146,6.87,0.59820034,12982.0147897,9428.04708807,257571.34550602
"23",2017-11-08 01:24:28,809043,809043,809146,5.875,0.59820034,12982.5022897,9427.41269023,257563.28350602
"24",2017-11-08 01:24:29,809043,809042,809209,0.90690074,0.28,12976.6272897,9426.59058837,257559.80002248
"25",2017-11-08 01:24:30,809043,809042,809209,0.90690074,0.28,12975.4447897,9428.42528861,257522.84012248
"26",2017-11-08 01:24:31,809043,809042,809074,0.90690074,0.07,12976.9187897,9427.63058861,257514.60518832
"27",2017-11-08 01:24:32,809026,809026,809074,0.11090074,0.07,12974.2947897,9428.80238827,257483.37518832
"28",2017-11-08 01:24:33,809026,809026,809074,0.11090074,0.07,12974.3043897,9430.08218861,257482.5141554
"29",2017-11-08 01:24:34,809000,809000,809074,12.20813871,0.07,12972.8309897,9465.21478861,257477.484403
"30",2017-11-08 01:24:35,809000,809000,809074,11.70813871,0.07,12972.9238897,9464.15018861,257476.870003
"31",2017-11-08 01:24:36,809074,809000,809074,0.1,0.06,12953.0238897,9464.44698827,257489.960327
"32",2017-11-08 01:24:37,809074,809000,809074,0.1,0.06,12953.0238897,9464.54698827,257488.360527
"33",2017-11-08 01:24:38,809212,808601,809211,0.84313945,0.6,12937.49899628,9461.34189103,257495.48152603
"34",2017-11-08 01:24:39,808675,808602,808675,1.3909,0.08,12940.12379628,9462.31778917,257485.46829002
"35",2017-11-08 01:24:40,808600,808603,808675,0.28,0.08,12938.40379628,9455.5586904,257484.86447471
"36",2017-11-08 01:24:41,808675,808663,809073,0.01,0.14,12932.61579579,9438.4186884,257479.20217423
"37",2017-11-08 01:24:42,809000,809000,809073,0.398,0.13,12934.06379579,9438.2573884,257479.57997423
"38",2017-11-08 01:24:43,808979,808663,808979,0.01,0.13120054,12923.98579481,9438.2006908,257479.76658378
"39",2017-11-08 01:24:44,808676,808676,808979,0.5955,0.13120054,12924.73129481,9443.56768771,257474.54325465
"40",2017-11-08 01:24:45,808676,808676,808978,0.5955,1.0607,12929.86129481,9443.84768771,257472.11875248
"41",2017-11-08 01:24:46,808676,808677,808690,0.6,0.05,12921.42879603,9461.92770578,257461.35294502
"42",2017-11-08 01:24:47,808605,808606,808978,0.6,1.0607,12931.37579652,9457.84870122,257453.98724502
"43",2017-11-08 01:24:48,808706,808706,808977,1.9,0.48,12933.87129652,9462.75080037,257441.84824502
"44",2017-11-08 01:24:49,808706,808706,808978,1.85,1.0607,12933.49149603,9463.19483872,257434.12284309
"45",2017-11-08 01:24:50,808706,808706,808978,1.85,2.0607,12941.69909701,9464.89293872,257431.57896178
"46",2017-11-08 01:24:51,808978,808707,808978,0.5005,1.8607,12934.74989677,9483.44823451,257427.20560544
"47",2017-11-08 01:24:52,808978,808708,808978,7,0.93,12935.96489726,9475.65852955,257413.87400472
"48",2017-11-08 01:24:53,808978,808708,808978,7,0.83,12928.16439603,9480.40969096,257406.67400136
"49",2017-11-08 01:24:54,808708,808709,808977,0.5502,0.139,12931.22559726,9486.24859195,257398.31840112
"50",2017-11-08 01:24:55,808708,808709,808977,0.5502,0.639,12919.34559702,9487.55206621,257391.38430112
"51",2017-11-08 01:24:56,808977,808710,808818,0.3002,0.01,12922.95559628,9487.16972856,257385.98480112
"52",2017-11-08 01:24:57,808977,808710,808818,0.3002,0.01,12933.29559678,9478.09822821,257383.08331329
"53",2017-11-08 01:24:58,808975,808710,808975,0.3002,1.3679,12923.68159678,9488.2908928,257379.96741329
"54",2017-11-08 01:24:59,808975,808707,808899,7.9358,2,12941.51719678,9488.79273065,257377.43608516
"55",2017-11-08 01:25:00,808974,808708,808973,0.6,0.6,12937.56119727,9473.90272966,257367.81618588
"56",2017-11-08 01:25:01,808974,808708,808973,0.9358,1.26,12934.53119628,9473.05482966,257362.704187
"57",2017-11-08 01:25:02,808973,808709,808973,0.6,0.8602,12937.49819579,9474.08542966,257359.978187
"58",2017-11-08 01:25:03,808818,808818,808973,14.92,0.2002,12945.66819579,9472.90659131,257357.314787
"59",2017-11-08 01:25:04,808976,808819,808976,7,0.2002,12952.69769628,9465.16533016,257356.818487
"60",2017-11-08 01:25:05,808978,808978,809000,1.4815,0.345,12963.58089628,9469.0470304,257347.7591849
"61",2017-11-08 01:25:06,808978,808978,809000,1.4815,0.364,12960.34499639,9464.19603015,257341.771487
"62",2017-11-08 01:25:07,809000,808979,809000,6.92,0.014,12956.58299713,9463.73503015,257334.27148675
"63",2017-11-08 01:25:08,808979,808979,808999,5.91,0.1,12960.15889762,9461.6490299,257325.5564865
"64",2017-11-08 01:25:09,808979,808978,808999,1.0115,1.5034,12954.50869762,9455.03019179,257324.72248674
"65",2017-11-08 01:25:10,808999,808980,808999,7,0.5034,12962.49019709,9463.00019229,257324.69295599
"66",2017-11-08 01:25:11,809206,808980,808990,7,0.05,12955.34249685,9464.41369229,257317.13719488
"67",2017-11-08 01:25:12,809206,808979,808990,0.00149947,0.05,12932.44549611,9474.31569403,257313.35738982
"68",2017-11-08 01:25:13,809206,808981,808990,0.578,0.05,12924.58539611,9473.14619304,257312.76418982
"69",2017-11-08 01:25:14,808981,808981,808990,0.248,0.05,12953.54399677,9473.44389324,257300.3086219
"70",2017-11-08 01:25:15,809118,809113,809208,0.05,4.80000075,12955.70309093,9468.96279001,257303.60600353
"71",2017-11-08 01:25:16,808990,808990,809204,1.812,0.22,12955.87971391,9470.23379151,257298.90410279
"72",2017-11-08 01:25:17,808990,808990,809113,1.81379976,0.05,12954.86561441,9464.98289076,257289.76983093
"73",2017-11-08 01:25:18,808990,808990,809000,1.81379976,8.4697,12945.3575226,9477.22749151,257269.65993159
"74",2017-11-08 01:25:19,809000,808990,809000,1.81879976,7.6577,12944.81252211,9472.48249076,257252.37193159
"75",2017-11-08 01:25:20,809000,808990,809000,1.81879976,7.6577,12945.11252211,9488.11449226,257246.34863117
"76",2017-11-08 01:25:21,808990,808979,809000,0.25,7.6577,12940.64432186,9497.66359127,257200.36062512
"77",2017-11-08 01:25:22,808990,808820,808990,0.1,0.1281,12931.79432211,9513.59869226,257190.43672512
"78",2017-11-08 01:25:23,808818,808818,808999,13.52,0.21883835,12944.65232284,9518.75743031,257148.69570088
"79",2017-11-08 01:25:24,808979,808818,808998,13.52,7,12942.16559913,9515.52376722,257147.9474587
"80",2017-11-08 01:25:25,808818,808818,808999,10.92,0.21883835,12938.40941712,9488.88676647,257135.31212795
"81",2017-11-08 01:25:26,808818,808818,808979,10.72,0.5,12939.4003181,9490.17989877,257113.06791606
"82",2017-11-08 01:25:27,808818,808818,808978,10.72,7,12940.0730181,9493.54303032,257068.96691606
"83",2017-11-08 01:25:28,808818,808818,808978,10.72,7.1667,12940.0720181,9494.16073032,257060.65861466
"84",2017-11-08 01:25:29,808818,808818,808977,10.72,0.1667,12935.1570181,9485.90273007,257057.94551371
"85",2017-11-08 01:25:30,808818,808818,808979,10.72,0.5,12936.50701786,9486.80603032,257057.81536234
"86",2017-11-08 01:25:31,808818,808818,808978,11.22,0.1667,12937.60701884,9477.97272957,257055.03496246
"87",2017-11-08 01:25:32,808978,808818,808978,11.22,0.0667,12936.72142754,9485.08223032,257050.15396246
"88",2017-11-08 01:25:33,808978,808818,808977,11.22,7.0976,12944.92142729,9492.14313032,257048.11601505
"89",2017-11-08 01:25:34,809000,808818,809000,11.22,7.01653835,12933.08392729,9481.43802982,257039.64301434
"90",2017-11-08 01:25:35,809000,808819,809000,1.5911,5.01653835,12948.41302754,9472.26802957,257032.73411659
"91",2017-11-08 01:25:36,809000,808820,809000,7,5.11653835,12954.82202705,9481.96803032,257023.23211659
"92",2017-11-08 01:25:37,809000,808821,809000,0.4376767,3.11653835,12945.24860424,9479.36802957,257022.14201622
"93",2017-11-08 01:25:38,809000,808821,809000,2.0766767,4.81653835,12901.2316035,9479.63803007,257018.31900622
"94",2017-11-08 01:25:39,809000,808930,808978,0.005,0.6,12913.28660473,9478.35123036,257006.98833058
"95",2017-11-08 01:25:40,809000,808930,808978,0.005,0.6,12906.880104,9471.25173011,257004.74633011
"96",2017-11-08 01:25:41,808821,808821,809000,0.3429767,4.81473859,12922.46590473,9470.87123011,257000.94713011
"97",2017-11-08 01:25:42,808821,808818,809000,11.22,4.81473859,12912.52292754,9471.87123011,256959.88583023
"98",2017-11-08 01:25:43,809000,808822,809000,7.07413835,1.84,12932.90106638,9468.79849152,256941.53814805
"99",2017-11-08 01:25:44,809000,808822,809000,3.07413835,0.20530024,12956.80006638,9464.93279096,256946.87690236
"100",2017-11-08 01:25:45,809000,808822,809000,3.07413835,0.20530024,12960.10796491,9480.45239146,256945.04790236
"101",2017-11-08 01:25:46,809000,808822,808999,3.07413835,1.2364,12953.40706638,9480.96879146,256943.03581827
"102",2017-11-08 01:25:47,809000,808822,808999,3.07413835,0.6364,12960.42906638,9461.46878997,256936.24521822
"103",2017-11-08 01:25:48,808818,808818,808998,7.63473835,0.09820024,12953.33446638,9458.42829051,256939.35141798
"104",2017-11-08 01:25:49,809000,808818,808822,7.63473835,0.3297,12941.65636589,9457.39463001,256939.14268807
"105",2017-11-08 01:25:50,808818,808819,809000,0.50179976,0.19294024,12947.00816614,9460.89493076,256944.14268807
"106",2017-11-08 01:25:51,808801,808801,809000,1.28173958,0.19294024,12939.12536614,9462.05673052,256948.05568861
"107",2017-11-08 01:25:52,808051,808266,808731,1.80000147,3,12881.66536761,9475.48383126,256997.24968861
"108",2017-11-08 01:25:53,808000,808217,808300,0.05,0.2,12863.13636835,9467.79463052,257019.20468861
"109",2017-11-08 01:25:54,808000,808051,808144,0.60000049,1.2496,12866.30956884,9469.26502886,257031.69780686
"110",2017-11-08 01:25:55,808300,807970,808300,5.11141294,0.199,12875.25706151,9470.80442861,257034.75732545
"111",2017-11-08 01:25:56,808052,808052,808250,0.13992,0.5,12877.71081203,9477.56193222,257036.29202439
"112",2017-11-08 01:25:57,807670,807670,807890,9.1095,1.67866706,12864.07847835,9487.83232342,257037.4404904
"113",2017-11-08 01:25:58,807670,807670,807889,6.9195,0.6,12859.68847835,9488.51892356,257027.50859329
"114",2017-11-08 01:25:59,807889,807670,807727,5.8495,0.0815,12860.26497835,9482.75152412,257027.51627122
"115",2017-11-08 01:26:00,807890,807671,807890,0.01479894,0.06386713,12857.35723234,9486.93112263,257028.95406488
"116",2017-11-08 01:26:01,807594,807543,807594,0.014,7.39904675,12857.76227909,9493.37652914,257032.59751813
"117",2017-11-08 01:26:02,807470,807470,807594,13.0655,2.04904675,12853.12628008,9488.133363,257046.25180104
"118",2017-11-08 01:26:03,808300,807593,808300,0.01,0.25244895,12850.52528008,9485.24899688,257059.89490104
"119",2017-11-08 01:26:04,807568,807507,807508,2.3,0.30799894,12849.8914508,9460.73499368,257060.2519212
"120",2017-11-08 01:26:05,807508,807507,807508,1.05,0.04799894,12849.81065105,9467.47199488,257061.6419212
"121",2017-11-08 01:26:06,808050,807552,807607,0.21200106,0.002,12849.78945211,9465.56499622,257053.91892014
"122",2017-11-08 01:26:07,807319,807304,807319,3,2.5265,12842.08795055,9478.81249652,257058.56902014
"123",2017-11-08 01:26:08,807319,807304,807319,3,0.2865,12841.78795006,9483.47119666,257056.70923793
"124",2017-11-08 01:26:09,807304,807304,807319,1.6103,0.27970088,12842.79824956,9483.31569754,257059.05283804
"125",2017-11-08 01:26:10,807508,807508,807594,3.72049912,0.49,12847.38964769,9476.41759567,257062.44433966
"126",2017-11-08 01:26:11,807196,807196,807485,1.59679912,2,12833.82234844,9488.69669642,257052.47223966
"127",2017-11-08 01:26:12,807594,807594,807607,4.989,0.002,12830.97344868,9473.59969592,257060.08323966
"128",2017-11-08 01:26:13,807594,807594,807801,4.8196,0.03,12843.71574991,9487.26139536,257062.15263991
"129",2017-11-08 01:26:14,807197,807190,807801,26.71079912,0.02280095,12825.43004942,9473.4741959,257073.29481768
"130",2017-11-08 01:26:15,807207,807200,807207,0.02,1.99820064,12831.38124991,9475.78229654,257064.32661704
"131",2017-11-08 01:26:16,807196,807190,807196,24.07299912,1,12820.42724991,9465.70229654,257060.25414977
"132",2017-11-08 01:26:17,807191,807190,807191,23.07299912,0.941,12819.61524991,9474.63339804,257064.46248755
"133",2017-11-08 01:26:19,807800,807210,807800,0.5,0.945,12834.32204927,9477.79056339,257080.73166904
"134",2017-11-08 01:26:20,807210,807425,807799,0.04,5.04650075,12831.30904927,9471.42906414,257081.76843115
"135",2017-11-08 01:26:21,807425,807504,807683,0.04,7,12835.20904927,9471.81886612,257077.67243115
"136",2017-11-08 01:26:22,807683,807200,807683,2.927,6.191,12831.70504853,9477.07186487,257081.79245058
"137",2017-11-08 01:26:23,807201,807201,807683,1.6256,6.4753,12830.50964927,9475.64976317,257084.92115058
"138",2017-11-08 01:26:24,807500,807485,807499,4,7,12832.68964927,9482.87456367,257086.70615058
"139",2017-11-08 01:26:25,807485,807485,807499,3.8,6.99,12833.47964903,9488.51156367,257086.47675058
"140",2017-11-08 01:26:26,807499,807485,807499,7.8,6.671,12816.60384931,9484.04196367,257086.79395062
"141",2017-11-08 01:26:27,807485,807485,807499,7.1645,6.641,12814.1973503,9477.34536367,257088.7711157
"142",2017-11-08 01:26:28,807499,807485,807499,1.8345,6.621,12809.7016503,9458.49636167,257065.79111521
"143",2017-11-08 01:26:29,807499,807485,807499,1.2667,0.611,12807.6738503,9445.50429668,257071.38691521
"144",2017-11-08 01:26:30,807485,807441,807485,0.04,0.0172,12810.1311503,9442.45659693,257073.95561521
"145",2017-11-08 01:26:31,807001,807492,807499,0.04,0.6,12819.72455079,9444.85059693,257073.00951521
"146",2017-11-08 01:26:32,807499,807492,807500,0.04,0.1522,12822.3606498,9457.8398677,257053.13951521
"147",2017-11-08 01:26:33,807500,807080,807500,1.2,0.15040104,12810.5717498,9458.78656774,257037.78101021
"148",2017-11-08 01:26:34,807500,807499,807500,20,0.13040104,12828.08174931,9460.61106874,257025.96131295
"149",2017-11-08 01:26:35,807499,807499,807500,11.3887,0.13040104,12828.34994931,9450.85706874,257028.16101705
"150",2017-11-08 01:26:36,807499,807499,807500,11.3787,0.12040104,12779.75174956,9451.24706799,257026.02067719
"151",2017-11-08 01:26:37,807899,807499,807899,0.0787,0.37020299,12776.27195054,9443.61706799,257030.91389763
"152",2017-11-08 01:26:38,807650,807650,807800,0.6524,0.796,12842.85045112,9441.53035761,257028.28194419
"153",2017-11-08 01:26:39,807000,806990,807000,20.04,0.21789951,12815.6813494,9443.24489168,257037.9881381
"154",2017-11-08 01:26:40,807800,807800,808000,0.33390045,0.001,12838.35866654,9434.9110633,257037.67703761
"155",2017-11-08 01:26:41,807801,807801,808137,1.46,4.00000125,12865.62913639,9453.78196479,257044.94703761
"156",2017-11-08 01:26:42,807802,807802,808137,0.595,4.00000125,12871.73944552,9452.76826479,257046.74622428
"157",2017-11-08 01:26:43,807200,807200,807485,2.14,1,12817.90424404,9468.94726479,257050.72763139
"158",2017-11-08 01:26:44,807201,807367,807800,0.01,6.9207,12873.00624429,9486.43143078,257045.16658578
"159",2017-11-08 01:26:45,807800,807485,807800,0.7321,6.9007,12860.95734429,9507.85943028,257042.28618382
"160",2017-11-08 01:26:46,807800,807367,807799,0.01,0.3,12862.08734478,9501.67873028,257031.64243422
"161",2017-11-08 01:26:47,807799,807486,807799,0.7321,0.27820004,12869.28734478,9509.37793062,257024.54366411
"162",2017-11-08 01:26:48,807799,807486,807799,0.7321,0.27820004,12873.28734478,9507.89793037,257017.02038811
"163",2017-11-08 01:26:49,807799,807486,807799,0.7321,0.27820004,12874.47634453,9508.01630412,257015.51796141
"164",2017-11-08 01:26:50,807900,807487,807899,7.7321,1.08,12879.79634453,9493.78730486,257014.25296141
"165",2017-11-08 01:26:51,807487,807487,807899,6.33210024,1.68,12875.83734404,9496.65030585,256990.35272995
"166",2017-11-08 01:26:52,807898,807488,807898,0.7321,0.26,12880.85834479,9494.93030585,256977.37672995
"167",2017-11-08 01:26:53,807666,807387,807897,1,7,12879.11624479,9503.75030585,256977.32672995
"168",2017-11-08 01:26:54,807897,807890,807897,20,9.1178,12899.2083433,9496.35173097,256968.32672995
"169",2017-11-08 01:26:55,807890,807890,807896,14.712,1.224,12893.01834405,9492.51793073,256949.4931228
"170",2017-11-08 01:26:56,807890,807890,807896,14.712,1.224,12891.94034405,9494.91793073,256927.73884296
"171",2017-11-08 01:26:57,807900,807890,807900,13.4685,9.65890004,12892.4787438,9491.09463073,256928.94711335
"172",2017-11-08 01:26:58,807890,807890,807900,12.2405,10.15890004,12879.50054428,9494.84243073,256930.17531451
"173",2017-11-08 01:26:59,808255,807890,808255,12.2405,8.33090004,12870.09254257,9490.17080448,256929.97931451
"174",2017-11-08 01:27:00,807890,807890,808254,10.2836,1.24,12878.31564306,9491.41080448,256928.71930861
"175",2017-11-08 01:27:01,807891,807891,808253,0.4567,4.80000075,12874.72234232,9487.59990519,256926.42472671
"176",2017-11-08 01:27:02,807890,807890,807899,8.0403,7,12855.45234159,9481.24490618,256915.89351133
"177",2017-11-08 01:27:03,808050,808050,808249,9.92613287,0.005,12866.82517446,9478.54390443,256925.65251133
"178",2017-11-08 01:27:04,808050,808050,808249,5.31613287,0.005,12863.72677568,9479.85113217,256928.51616562
"179",2017-11-08 01:27:05,808050,808050,808253,3.31613287,8.35500224,12843.76577568,9479.91950592,256927.19446562
"180",2017-11-08 01:27:06,808050,807890,807898,8.0403,3.68386713,12837.6119438,9476.00937091,256926.23093186
"181",2017-11-08 01:27:07,807890,807890,808050,6.0403,0.0959,12855.64594453,9484.37240501,256928.02193186
"182",2017-11-08 01:27:08,807890,807890,807897,2.2403,7,12847.16594429,9500.89650576,256930.867098
"183",2017-11-08 01:27:09,807897,807890,807897,2.1469,6.99,12835.8837438,9511.56870576,256930.030498
"184",2017-11-08 01:27:10,807890,807890,807897,2.1002,6.99,12841.50704428,9511.03033201,256929.787198
"185",2017-11-08 01:27:11,807890,807890,807897,2.0768,6.99,12857.06364527,9496.03033027,256926.698698
"186",2017-11-08 01:27:12,807897,807890,807897,2.0651,6.98,12847.48464478,9514.15303102,256921.90131376
"187",2017-11-08 01:27:13,807718,807600,807666,0.02,3,12842.75534478,9518.50473192,256924.47451254
"188",2017-11-08 01:27:14,807718,807600,807665,0.02,7.6,12848.33264533,9516.09203069,256910.86215714
"189",2017-11-08 01:27:15,807665,807600,807665,0.02,7,12858.27264582,9512.90250444,256903.82489877
"190",2017-11-08 01:27:16,807664,807600,807664,0.02,0.59,12859.98674483,9503.76150369,256901.26334267
"191",2017-11-08 01:27:17,807202,807203,807499,0.02,1,12859.20674483,9513.88150369,256891.86334267
"192",2017-11-08 01:27:18,807499,807203,807501,1.34,5,12854.44964483,9512.99150369,256886.50734267
"193",2017-11-08 01:27:19,807500,807203,807500,3.3341,0.57,12860.37774483,9519.84750369,256883.84183677
"194",2017-11-08 01:27:20,807500,807204,807500,0.03,0.565,12847.71974459,9520.48668099,256863.43234267
"195",2017-11-08 01:27:21,807204,807204,807499,1.3341,6.99,12832.05074558,9527.72768099,256855.76029566
"196",2017-11-08 01:27:22,807204,807204,807499,1.3341,6.99,12827.46374509,9529.06668099,256849.86029566
"197",2017-11-08 01:27:23,807199,807182,807494,0.18918614,0.00300092,12824.86164459,9533.77348191,256846.38079659
"198",2017-11-08 01:27:24,807499,807152,807499,0.36,3.48380092,12840.07897664,9522.67134267,256831.46189474
"199",2017-11-08 01:27:25,807499,807205,807498,1.3537,0.60000025,12836.86900771,9512.44134292,256815.19828044
"200",2017-11-08 01:27:26,807499,807205,807498,1.3537,0.60000025,12839.76900894,9508.90134292,256809.73797803
"201",2017-11-08 01:27:27,807498,807153,807498,1.5991,1.44500025,12845.69630946,9498.213542,256805.97559699
"202",2017-11-08 01:27:28,807498,807205,807496,1.1,0.28,12852.76460921,9507.862842,256800.68690483
"203",2017-11-08 01:27:29,807151,807151,807497,1.4891,7.4008,12841.52960824,9506.91864175,256790.48690483
"204",2017-11-08 01:27:30,807496,807150,807496,2.5,0.565,12829.83680775,9504.34914175,256784.45841261
"205",2017-11-08 01:27:31,807150,807206,807495,1.5441,7.4558,12829.6829075,9512.50494175,256775.92641261
"206",2017-11-08 01:27:32,807495,807151,807495,1.5437,7.4458,12823.06960651,9510.12594175,256773.16274921
"207",2017-11-08 01:27:33,807150,807150,807494,0.7078,0.25,12833.04760651,9505.29594175,256765.80553636
"208",2017-11-08 01:27:34,807000,806962,807020,0.004,0.8656,12830.19790651,9505.24024175,256755.64123636
"209",2017-11-08 01:27:35,807220,807220,807297,2.6832,0.01,12837.45810823,9509.4751896,256754.80047141
"210",2017-11-08 01:27:36,807491,807220,807490,2.6832,1.2,12836.89910724,9502.9551896,256753.22767093
"211",2017-11-08 01:27:37,807000,806962,807000,0.004,26.16479951,12830.19490798,9520.79708911,256757.09607142
"212",2017-11-08 01:27:38,806999,806962,806999,0.004,0.02,12825.62890971,9530.66298911,256755.19987167
"213",2017-11-08 01:27:39,806800,806800,806999,3.321,0.009,12815.00290848,9530.55498911,256752.94187167
"214",2017-11-08 01:27:40,806801,806801,806864,0.08,0.34080045,12826.14380897,9531.14663107,256755.02247122
"215",2017-11-08 01:27:41,806690,806690,806999,17.60960049,0.009,12822.52450867,9545.74083062,256760.67277122
"216",2017-11-08 01:27:42,806690,806864,806999,0.00199918,0.7473,12813.60250735,9537.33612936,256762.15051283
"217",2017-11-08 01:27:43,806692,806692,806800,0.491,4,12811.4475076,9554.45913011,256750.23277047
"218",2017-11-08 01:27:44,806800,806690,806999,8.45360115,8.0273,12806.45350809,9565.45913036,256756.0751177
"219",2017-11-08 01:27:45,806999,806690,806999,6.96630115,5.671,12805.70120809,9558.22282937,256749.7443177
"220",2017-11-08 01:27:46,806690,806690,806998,3.96630115,0.88,12806.69720809,9559.10382951,256731.60800565
"221",2017-11-08 01:27:47,806690,806691,806995,0.48,0.17,12804.00020786,9561.73383298,256724.20300516
"222",2017-11-08 01:27:48,806691,806691,806993,0.54,0.005,12849.06720786,9562.12943298,256703.88070443
"223",2017-11-08 01:27:49,806691,806691,806994,0.53,0.5639,12875.07800786,9559.45713273,256699.99301321
"224",2017-11-08 01:27:50,806691,806691,806993,1.4305,0.491,12872.14555776,9522.11813393,256696.51801272
"225",2017-11-08 01:27:51,806993,806354,806993,3.77611844,0.845,12805.06185776,9553.06213393,256701.50901272
"226",2017-11-08 01:27:52,806500,806354,806500,3.74611844,1.519,12835.61437163,9556.18851606,256704.45481249
"227",2017-11-08 01:27:53,806355,806355,806500,0.8327,0.31899852,12872.42207163,9555.25351235,256705.3937927
"228",2017-11-08 01:27:54,806500,806357,806500,2.40000024,0.20799852,12876.58067233,9539.49246364,256698.15159284
"229",2017-11-08 01:27:58,806210,806211,806873,0.6,0.518,12763.06827456,9563.46640959,256745.14468318
"230",2017-11-08 01:27:59,806210,806211,806873,0.6,0.518,12782.29447456,9558.32640959,256745.66468318
"231",2017-11-08 01:28:00,806358,806325,806574,1,0.01,12832.55647258,9582.07840959,256747.55468318
"232",2017-11-08 01:28:01,806325,806325,806358,0.31877778,0.48,12865.90968063,9589.57080537,256745.2229054
"233",2017-11-08 01:28:02,806358,806326,806357,0.595,0.14,12866.72378112,9589.60620587,256744.43572203
"234",2017-11-08 01:28:03,806500,806366,806500,0.01,0.0590415,12859.79550285,9592.15924737,256737.30421641
"235",2017-11-08 01:28:04,806190,806190,806356,0.8589,6.79,12829.05540186,9561.44324737,256738.24221641
"236",2017-11-08 01:28:05,806190,806211,806356,0.6999,6.79,12810.89270235,9544.33844837,256732.5612427
"237",2017-11-08 01:28:06,806356,806222,806356,1,3.373,12793.93730334,9534.65144762,256737.1434427
"238",2017-11-08 01:28:07,806048,806308,806355,0.01,7,12795.49720235,9531.50200512,256744.9134427
"239",2017-11-08 01:28:08,806356,806356,806400,1.88,0.5,12787.81820344,9530.19600612,256745.96244305
"240",2017-11-08 01:28:09,806222,806222,806289,0.7739,0.212,12771.11420368,9529.01300391,256747.58344305
"241",2017-11-08 01:28:10,806289,806373,806400,2.788,0.5,12798.81340392,9532.23620391,256745.77044305
"242",2017-11-08 01:28:11,806400,806373,806400,2.788,0.1,12794.01110368,9542.12756442,256746.25774256
"243",2017-11-08 01:28:12,806499,806400,806499,0.112,0.39,12798.40660269,9540.05076411,256744.99374995
"244",2017-11-08 01:28:13,806373,806373,806847,4.60518,0.58000174,12837.38578293,9536.54376435,256749.54017114
"245",2017-11-08 01:28:14,806373,806374,806500,0.5409,0.002,12846.30268318,9543.60686336,256738.48066995
"246",2017-11-08 01:28:15,806373,806401,806845,0.4,0.69,12846.76468294,9536.91686336,256749.24046995
"247",2017-11-08 01:28:16,807000,806413,806824,1,0.492,12852.85168393,9536.63706933,256754.20910188
"248",2017-11-08 01:28:17,806845,806405,806823,4.99350043,0.35,12838.15118412,9539.91706859,256753.45160145
"249",2017-11-08 01:28:18,807000,806469,806844,6.7,0.25,12864.59588535,9537.57707058,256755.10020145
"250",2017-11-08 01:28:19,807000,806406,807000,0.4,23.74650499,12850.88418362,9535.42857108,256755.02580145
"251",2017-11-08 01:28:20,807000,806850,806998,0.05,1.55596484,12862.55528411,9525.32963592,256753.07480145
"252",2017-11-08 01:28:21,806844,806599,806844,10,0.14000025,12879.69408411,9542.15367507,256754.28120145
"253",2017-11-08 01:28:22,806843,806599,806700,10,0.004,12892.32308486,9547.26167432,256748.57000145
"254",2017-11-08 01:28:23,806843,806609,806843,3,0.6891,12904.14408486,9550.67277208,256744.16889256
"255",2017-11-08 01:28:24,806899,806899,806996,4.75,0.28,12898.79458338,9557.19327258,256741.92789256
"256",2017-11-08 01:28:25,806997,806899,806997,4.19,0.6136,12886.51258478,9548.06327133,256740.96269176
"257",2017-11-08 01:28:26,807000,806900,807000,0.7403,20.92750574,12879.60238429,9538.78577183,256733.06906961
"258",2017-11-08 01:28:27,806905,806905,807000,0.16820054,11.92750574,12885.29738438,9529.26377183,256739.97086907
"259",2017-11-08 01:28:28,807000,806905,807000,0.005,10.97347058,12874.97968414,9522.42473767,256742.86646812
"260",2017-11-08 01:28:35,807080,806902,807079,0.01,0.85,12847.43945471,9476.07811116,256741.81554522
"261",2017-11-08 01:28:36,807149,806601,807055,0.28,0.484,12839.97545421,9472.15211116,256738.22538522
"262",2017-11-08 01:28:37,806965,807000,807054,1,0.3829,12830.79447421,9477.77501116,256737.13538522
"263",2017-11-08 01:28:38,806965,807000,807054,1,0.3829,12836.32017495,9479.35921116,256732.88116177
"264",2017-11-08 01:28:39,807129,807001,807129,7.7971,0.99,12842.22447396,9477.37893958,256721.96066177
"265",2017-11-08 01:28:40,807001,807055,807078,0.5,0.0701,12838.31837325,9472.72504081,256716.47956177
"266",2017-11-08 01:28:41,807150,807055,807150,0.22,8.5601,12844.81837399,9468.33407608,256715.56126177
"267",2017-11-08 01:28:42,807150,807003,807077,7,0.01,12836.37137474,9463.20907608,256699.88186256
"268",2017-11-08 01:28:43,807150,807150,807151,3.4249,0.2,12858.25027523,9460.83997459,256697.61846231
"269",2017-11-08 01:28:44,807200,807200,807224,6.9948454,0.014,12853.54089511,9478.94482149,256692.65411761
"270",2017-11-08 01:28:45,807380,807200,807359,6.9948454,0.506,12832.93749585,9473.71170799,256675.93421945
"271",2017-11-08 01:28:46,807201,807201,807359,1.15,0.506,12828.92849486,9463.29166925,256670.8937194
"272",2017-11-08 01:28:47,807200,807200,807380,3.1212454,10.95000025,12828.20138956,9470.204709,256665.2457194
"273",2017-11-08 01:28:48,807380,807202,807380,1.3073,5.94000199,12837.30768871,9464.33731024,256653.9647193
"274",2017-11-08 01:28:49,807380,807203,807379,0.3,0.60000075,12835.02038871,9464.52016574,256654.0647193
"275",2017-11-08 01:28:50,807380,807203,807380,0.7573,4.74000199,12824.40328895,9461.66576871,256654.97925732
"276",2017-11-08 01:28:51,807380,807204,807380,0.3,3.97420199,12815.20348846,9453.89996499,256655.53235732
"277",2017-11-08 01:28:52,807380,807204,807380,0.6108,3.97420199,12816.40518945,9453.69182674,256648.43235732
"278",2017-11-08 01:28:53,807200,807200,807380,3.0370454,3.17420199,12815.43018945,9454.30902308,256645.65235732
"279",2017-11-08 01:28:54,807239,807239,807380,0.04280085,3.17420199,12823.08139073,9453.43302283,256645.38505604
"280",2017-11-08 01:28:55,807239,807204,807380,0.12,3.17420199,12806.0532897,9456.31432458,256642.74335648
"281",2017-11-08 01:28:56,807380,807200,807380,3.0330454,1.17420199,12806.69428994,9464.01432533,256641.4847995
"282",2017-11-08 01:28:57,807205,807205,807380,6.5,0.88060199,12810.18328895,9460.22542433,256631.5963995
"283",2017-11-08 01:28:58,807380,807205,807380,6.5,0.83900079,12809.47238772,9457.78362313,256630.7380007
"284",2017-11-08 01:28:59,807205,807205,807380,6.49,0.22800079,12815.99228846,9458.12382452,256625.2705007
"285",2017-11-08 01:29:00,807205,807206,807450,0.082,23.76339919,12815.04738888,9457.41882452,256622.88970078
"286",2017-11-08 01:29:01,807449,807206,807300,0.7656,0.3,12812.20098814,9458.30382427,256622.83470078
"287",2017-11-08 01:29:04,807212,807212,807500,3,0.1,12811.13358035,9431.42622458,256609.79617531
"288",2017-11-08 01:29:05,807205,807367,807449,2,2,12811.55788248,9433.72522319,256606.25637297
"289",2017-11-08 01:29:06,807213,807328,807448,0.01,2,12818.17098297,9462.72522319,256607.74327297
"290",2017-11-08 01:29:07,807328,807205,807450,0.01459332,0.1,12803.22788248,9459.55792294,256607.76327297
"291",2017-11-08 01:29:08,807499,807390,807499,0.1,1.3,12813.17368248,9462.61102201,256607.53327297
"292",2017-11-08 01:29:09,807001,807002,807400,0.24,0.469,12780.32228322,9464.492923,256612.54407297
"293",2017-11-08 01:29:10,807450,807003,807450,7,0.169,12786.44418322,9463.3417225,256601.34107345
"294",2017-11-08 01:29:11,807003,807027,807379,0.469,0.6,12782.25518322,9468.4717225,256597.62907345
"295",2017-11-08 01:29:12,807003,807027,807379,0.469,0.6,12782.22518322,9468.4717225,256593.99557345
"296",2017-11-08 01:29:13,807499,807027,807101,0.469,0.002,12777.27208346,9476.03071767,256575.27777479
"297",2017-11-08 01:29:14,807499,807027,807101,1.069,0.002,12772.84208322,9461.96291826,256561.07277383
"298",2017-11-08 01:29:15,807499,807028,807101,0.82,0.002,12778.57708346,9430.89891429,256560.42037383
"299",2017-11-08 01:29:16,807002,807002,807101,0.209,3.501,12769.72608247,9445.69791479,256561.96007383
"300",2017-11-08 01:29:17,807004,807004,807101,3,3.501,12768.45408247,9438.61791454,256561.28007383
"301",2017-11-08 01:29:18,807101,807005,807101,0.1428,2.03,12779.45288296,9445.9797187,256568.35007383
"302",2017-11-08 01:29:19,807101,807005,807100,0.1428,0.3,12777.15188222,9442.1797182,256567.1254107
"303",2017-11-08 01:29:20,807006,807006,807100,5.70493747,0.59,12783.92518171,9443.9536177,256571.41541195
"304",2017-11-08 01:29:21,807006,807006,807096,0.0214,0.005,12765.36164326,9451.46062292,256571.50292204
"305",2017-11-08 01:29:22,807299,806991,807299,0.0464,2.44050472,11862.93968515,9436.18412217,256570.91292204
"306",2017-11-08 01:29:23,807298,807299,807360,0.5282,0.1,11869.98688386,9447.30212423,256575.59292204
"307",2017-11-08 01:29:24,807375,807375,807379,0.12569453,0.04,11870.08437839,9447.44961961,256575.28098428
"308",2017-11-08 01:29:25,807210,807210,807374,0.084,1.2865,11857.40608288,9452.14611986,256574.02298428
"309",2017-11-08 01:29:26,807210,807210,807373,0.084,7,11865.48608436,9482.2901211,256568.87608428
"310",2017-11-08 01:29:27,806994,806994,807373,0.66439371,7,11855.04368485,9482.61851912,256568.43608428
"311",2017-11-08 01:29:28,807373,806999,807210,0.005,3,11859.59168485,9480.36151912,256567.88878428
"312",2017-11-08 01:29:29,807373,806995,807209,0.28,0.16,11877.95188534,9470.72562087,256567.37878428
"313",2017-11-08 01:29:32,807208,806992,807208,0.28,0.4191,11873.32928461,9456.66562013,256561.58148428
"314",2017-11-08 01:29:33,807208,806992,807208,0.28,0.4191,11873.32928461,9456.66562013,256561.58148428
"315",2017-11-08 01:29:34,806992,806406,806991,2.90000173,0.6008102,11868.36219041,9419.1926001,256613.56267443
"316",2017-11-08 01:29:35,807182,806407,807140,1.8749,0.0708102,11868.43708917,9412.063847,256612.88627443
"317",2017-11-08 01:29:36,807206,807200,807206,0.02,0.2068102,11871.82829841,9415.67242248,256610.52943243
"318",2017-11-08 01:29:37,807200,807200,807250,0.016,0.02,11872.44939841,9429.07061327,256610.42163357
"319",2017-11-08 01:29:38,807200,807200,807250,0.016,0.02,11881.26869816,9423.49921253,256598.42163357
"320",2017-11-08 01:29:39,807200,807200,807250,0.006,0.02,11882.8926989,9435.78899892,256595.83163357
"321",2017-11-08 01:29:40,807200,807200,807250,0.006,0.02,11882.2926989,9431.14578996,256589.24163357
"322",2017-11-08 01:29:41,807200,807200,807250,0.006,0.02,11870.74569989,9451.44279096,256574.24163494
"323",2017-11-08 01:29:42,807200,807200,807250,0.006,0.02,11870.46569989,9451.44279096,256574.24163494
"324",2017-11-08 01:29:43,807108,807109,807200,0.6,4,11875.64269864,9452.38441234,256572.81163494
"325",2017-11-08 01:29:44,807108,807109,807200,1.7513,4,11874.78669815,9451.62721625,256552.80163494
"326",2017-11-08 01:29:45,807200,807108,807200,0.361,2,11872.23539766,9449.69981234,256552.80163494
"327",2017-11-08 01:29:46,807200,807201,807250,3.01350043,0.02,11876.34889908,9444.73900214,256554.81163494
"328",2017-11-08 01:29:47,807250,807250,807306,2.5808102,0.002,12783.82506887,9443.99900214,256554.56582474
"329",2017-11-08 01:29:48,807250,807250,807306,2.6008102,0.002,12788.27066961,9447.10000145,256549.51482474
"330",2017-11-08 01:29:49,807251,807251,807306,0.59,0.002,12797.28066936,9452.44182145,256549.52482474
"331",2017-11-08 01:29:50,807650,807252,807650,1.9644,0.012,12800.33506985,9450.93371295,256550.22554503
"332",2017-11-08 01:29:51,807600,807253,807543,2.5427,0.425,12756.28122998,9461.29871642,256597.40354503
"333",2017-11-08 01:29:52,807253,807253,807543,2.0477,0.425,12752.24632762,9465.52767447,256595.32404681
"334",2017-11-08 01:29:53,807253,807253,807542,0.26,1.045,12753.09132811,9462.66767571,256594.32404681
"335",2017-11-08 01:29:54,807000,806492,806900,0.03,7.729,12751.02432835,9465.1206719,256594.59133013
"336",2017-11-08 01:29:55,806492,806492,806900,0.01,7.729,12750.64542811,9465.21268456,256589.70185013
"337",2017-11-08 01:29:56,806492,806492,806900,0.01,7.729,12763.39172968,9464.71768431,256590.52297771
"338",2017-11-08 01:29:57,806409,806409,806605,0.35000074,0.03,12771.98373042,9461.52268431,256589.80297771
"339",2017-11-08 01:29:58,806605,806410,806899,2.3582,1.675,12769.94192968,9458.89268257,256592.31035016
"340",2017-11-08 01:29:59,806409,806409,806899,0.01000074,1.675,12778.9679324,9450.56368332,256590.28035016
"341",2017-11-08 01:30:04,806799,806500,806799,0.002,0.2251,12765.60511226,9439.94350371,256595.79855244
"342",2017-11-08 01:30:05,806800,806500,806800,0.002,1.5281,12768.94361226,9447.64640471,256595.86855244
"343",2017-11-08 01:30:06,806800,806500,806800,0.002,1.5181,12769.55761078,9446.94440471,256595.87515244
"344",2017-11-08 01:30:07,806799,806675,806799,0.01,0.51,12769.00291078,9447.06460471,256594.41432047
"345",2017-11-08 01:30:08,806025,806025,806798,0.64990099,0.9181,12753.87291153,9448.59460471,256593.76392044
"346",2017-11-08 01:30:09,806000,806023,806400,4.80000074,0.522,12746.41691326,9436.30760271,256586.71392044
"347",2017-11-08 01:30:10,806000,806436,806450,0.01,0.02,12748.3624135,9448.7094052,256586.81392044
"348",2017-11-08 01:30:11,806436,806001,806450,0.6,0.02,12749.92691424,9448.4629052,256587.20392044
"349",2017-11-08 01:30:12,806436,806002,806436,0.44,0.01,12762.92931424,9448.6448062,256577.20392044
"350",2017-11-08 01:30:13,806000,806002,806436,1.0965,0.01,12771.22481414,9436.6709049,256578.52002044
"351",2017-11-08 01:30:14,805902,806003,806436,0.43638239,0.01,12776.78763414,9427.15560665,256589.01982044
"352",2017-11-08 01:30:15,806000,805902,806000,0.68282,1.16531761,12718.87835003,9417.01262426,256589.83620283
"353",2017-11-08 01:30:16,806000,805822,806000,9.69682,0.95531761,12784.28295176,9423.6929255,256590.18689388
"354",2017-11-08 01:30:17,805888,806550,806694,0.1,1,12786.421352,9389.82760789,256603.55939438
"355",2017-11-08 01:30:18,806435,806400,806435,0.02,0.7931,12805.36705249,9405.25070789,256603.45839438
"356",2017-11-08 01:30:19,806400,806057,806339,1.2217,0.119,12798.586952,9382.18881138,256602.90839366
"357",2017-11-08 01:30:20,806057,806058,806339,0.1,0.119,12816.07875027,9304.41871213,256565.26609517
"358",2017-11-08 01:30:21,806057,806059,806339,0.5796,0.119,12802.69665027,9279.77751263,256566.66979517
"359",2017-11-08 01:30:22,806057,806223,806339,0.01,0.119,12799.43255101,9288.08321233,256564.91542017
"360",2017-11-08 01:30:23,806057,806058,806339,0.2734,0.119,12785.05695052,9314.93121308,256565.03076497
"361",2017-11-08 01:30:24,806200,806057,806200,0.28,0.09,12808.40845052,9312.94822499,256564.33312017
"362",2017-11-08 01:30:25,806056,806056,806200,6.3696,0.09,12808.77635052,9313.05552549,256565.12512017
"363",2017-11-08 01:30:26,806058,806058,806200,1.72545209,0.05520116,12854.72680261,9321.82152715,256552.93446692
"364",2017-11-08 01:30:27,806057,806057,806200,0.22005209,0.05520116,12808.67240335,9310.56852715,256554.70206692
"365",2017-11-08 01:30:28,806057,806057,806200,0.46005209,0.05520116,12788.39470335,9321.4193269,256549.10206644
"366",2017-11-08 01:30:29,806200,806057,806200,0.46005209,0.03520116,12766.80490335,9359.86002615,256548.94374738
"367",2017-11-08 01:30:30,806170,806057,806157,1,0.002,12744.94790335,9331.82922813,256553.63624824
"368",2017-11-08 01:30:31,806057,806057,806157,1.3,0.002,12805.28440335,9342.97052813,256552.35524824
"369",2017-11-08 01:30:32,806057,806057,806157,0.99,0.002,12804.97440309,9343.96002813,256549.34524824
"370",2017-11-08 01:30:33,806170,805898,806170,0.001,0.086,12785.49490285,9345.00002813,256552.98524824
"371",2017-11-08 01:30:34,806693,806240,806693,0.4,8.67302614,12782.15600359,9341.85512813,256550.90524824
"372",2017-11-08 01:30:35,806340,806340,806692,0.09,0.8,12782.77300458,9341.95512515,256541.60324824
"373",2017-11-08 01:30:36,806241,806241,806692,0.47999925,1.4,12778.99500383,9347.3251254,256542.10534899
"374",2017-11-08 01:30:37,806888,806000,806241,0.02,0.4191,12793.12490407,9351.47522743,256549.65994824
"375",2017-11-08 01:30:41,806887,806000,806850,0.02,0.02,12750.79390334,9323.30522643,256565.58554524
"376",2017-11-08 01:30:42,806850,806692,806850,4.7206,0.01,12746.06840236,9322.79122673,256563.55494524
"377",2017-11-08 01:30:43,806692,806692,806885,3.6291,0.57,12772.8899026,9321.49891581,256568.77644524
"378",2017-11-08 01:30:44,806692,806692,806885,1.4286,0.57,12799.31940242,9326.08891631,256571.04894472
"379",2017-11-08 01:30:45,806200,806200,806336,1.39,0.3299985,12808.63080291,9323.66881356,256571.45904622
"380",2017-11-08 01:30:46,806200,806200,806336,1.39,0.3299985,12810.18080316,9333.2572574,256571.30853127
"381",2017-11-08 01:30:47,806170,806000,806170,0.68199958,3.02044228,12807.96590242,9349.54770193,256573.58068765
"382",2017-11-08 01:30:48,805822,805822,806169,3.29727092,0.24,12801.64590168,9345.60311039,256582.36350765
"383",2017-11-08 01:30:49,806169,806000,806169,0.02,0.75,12797.16590119,9339.36310889,256582.87470765
"384",2017-11-08 01:30:50,806169,806000,806169,0.02,1.0625,12798.20330119,9349.16371163,256583.27320838
"385",2017-11-08 01:30:51,806169,806000,806050,0.02,0.098,12807.72330143,9348.48620989,256582.69684237
"386",2017-11-08 01:30:52,806050,806000,806050,0.021,0.078,12815.59530266,9345.44070989,256581.04674237
"387",2017-11-08 01:30:53,806050,806000,806050,0.021,0.065,12819.10850266,9345.36770989,256581.05974237
"388",2017-11-08 01:30:54,806166,806050,806166,0.72782,0.3196,12811.43832217,9362.42430889,256581.52474237
"389",2017-11-08 01:30:55,806166,806050,806166,0.72782,0.3196,12808.62532143,9366.21431287,256581.58644237
"390",2017-11-08 01:30:56,806167,806167,806244,0.7296,0.119,12808.63332143,9361.35921262,256582.07844237
"391",2017-11-08 01:30:57,806398,806200,806398,8.271,0.776,12815.45532143,9362.01570864,256578.57264293
"392",2017-11-08 01:30:58,806243,806200,806243,8.271,0.6767,12832.17932317,9371.12241164,256578.92551966
"393",2017-11-08 01:30:59,806691,806244,806691,0.00179976,0.37532328,12831.38912269,9361.39341069,256582.63451966
"394",2017-11-08 01:31:00,806244,806201,806242,1.087,0.37820024,12833.70832441,9360.1462869,256584.65631942
"395",2017-11-08 01:31:01,806242,806400,806690,0.36279976,0.4281,12833.78812466,9360.37618741,256582.24201797
"396",2017-11-08 01:31:02,806299,806299,806689,1.995,0.6372,12831.13942343,9360.60438741,256583.14348882
"397",2017-11-08 01:31:03,806200,806200,806850,6.41519976,0.02,12828.01362416,9366.05168866,256581.0608197
"398",2017-11-08 01:31:04,806850,806304,806850,0.005,0.01,12840.53412284,9368.0916899,256580.80201974
"399",2017-11-08 01:31:05,806850,806304,806850,0.005,0.01,12836.62832234,9364.89388766,256570.83468886
"400",2017-11-08 01:31:06,806850,806304,806850,0.005,0.01,12881.14832234,9363.66388816,256571.26758886
"401",2017-11-08 01:31:07,806895,806304,806410,0.005,0.4,12876.13162136,9373.17058791,256568.17758886
"402",2017-11-08 01:31:08,806410,806304,806849,1,7,12863.5406221,9371.58058766,256562.96318886
"403",2017-11-08 01:31:09,806830,806382,806830,0.01,0.09,12879.69462234,9373.76148841,256562.65758886
"404",2017-11-08 01:31:10,806830,806500,806689,6,0.5,12892.07652333,9374.41048841,256561.76248886
"405",2017-11-08 01:31:11,806830,806530,806689,0.002,0.5,12885.67402456,9362.11348691,256556.52359792
"406",2017-11-08 01:31:12,806531,806531,806689,6,0.5,12895.67902466,9367.98951763,256555.52359792
"407",2017-11-08 01:31:13,806531,806531,806688,5.99850093,0.5454,12891.44902592,9366.33091601,256556.43079699
"408",2017-11-08 01:31:14,806531,806530,806689,0.002,0.5,12886.20782524,9369.43471734,256558.21079699
"409",2017-11-08 01:31:15,806500,806506,806688,0.005,1.9046,12881.8891245,9358.04241783,256558.96079602
"410",2017-11-08 01:31:16,806500,806531,806689,0.145,0.5,12882.0215245,9369.40081933,256550.02989456
"411",2017-11-08 01:31:17,806500,806532,806689,0.4178,0.5,12890.1156245,9368.05311908,256550.01989456
"412",2017-11-08 01:31:18,806689,806532,806689,1.3918,0.48,12899.08562474,9367.31311933,256547.53989456
"413",2017-11-08 01:31:19,806689,806531,806689,0.845,0.0881,12891.21982474,9368.38351858,256546.4455859
"414",2017-11-08 01:31:20,806689,806533,806778,7.974,0.2,12901.68482325,9368.95001734,256546.52447423
"415",2017-11-08 01:31:21,806896,806689,806895,0.0881,1.6844,12899.13542325,9368.85591734,256542.35447423
"416",2017-11-08 01:31:22,806895,806800,806900,4,5.1,12879.69182252,9373.71251734,256542.37617423
"417",2017-11-08 01:31:23,807000,806801,806899,0.974,0.60000075,12895.46632365,9375.72251809,256549.33617423
"418",2017-11-08 01:31:24,806998,806960,806998,0.33499925,1.1900005,12893.03532195,9388.05151784,256539.94517498
"419",2017-11-08 01:31:25,806900,806805,806960,0.005,0.44782075,12900.37032369,9396.81329758,256540.21333857
"420",2017-11-08 01:31:26,807142,807142,807168,0.21762344,0.03,12894.07934713,9385.00642268,256539.04521513
"421",2017-11-08 01:31:27,807636,807142,807636,0.51762344,8.70602203,12881.45320707,9361.83494306,256543.17387992
"422",2017-11-08 01:31:28,807596,807503,807596,0.1,1.5602,12931.06769309,9346.2786444,256540.11059312
"423",2017-11-08 01:31:29,807596,807304,807636,0.03,5.40000199,12933.94569087,9341.66444365,256529.15659312
"424",2017-11-08 01:31:30,807635,807142,807636,0.24902344,7.20000224,12948.99569087,9342.1479439,256521.15479346
"425",2017-11-08 01:31:31,807637,807355,807650,0.005,3.012,12948.68669087,9336.05644216,256530.75379346
"426",2017-11-08 01:31:32,807650,807650,807783,16.688,2.29,12963.03026066,9330.83944365,256534.87579346
"427",2017-11-08 01:31:33,807989,807650,807989,16.688,0.57200249,12972.81916153,9328.41834488,256539.69579346
"428",2017-11-08 01:31:34,807651,807651,807691,0.032,0.01,12974.26321446,9329.74580066,256544.83579346
"429",2017-11-08 01:31:35,807651,807655,807990,0.005,0.99,12992.06428569,9305.09010165,256558.73999402
"430",2017-11-08 01:31:36,807989,807651,807799,4.3055,0.01,12990.66978816,9363.46500165,256566.56799402
"431",2017-11-08 01:31:37,807651,807652,807980,1.19342997,1,12931.24676399,9410.01190489,256562.33699402
"432",2017-11-08 01:31:38,808000,808000,808050,16.26919751,0.02,12937.6288615,9389.17680165,256565.62669651
"433",2017-11-08 01:31:39,808330,808330,808336,32.46731441,0.006,12968.89407591,9379.44411606,256587.72208215
"434",2017-11-08 01:31:40,808330,808330,808444,31.68731441,0.60000075,12948.86007492,9340.17861333,256557.21188215
"435",2017-11-08 01:31:41,808330,808330,808387,28.38131441,0.04,12916.05789836,9374.80561432,256561.55418215
"436",2017-11-08 01:31:42,808480,808330,808496,25.00771441,0.014,12921.27829835,9420.96561357,256578.47000136
"437",2017-11-08 01:31:43,808539,808500,808548,0.10829901,0.0109,12930.59202796,9423.11891631,256582.57180161
"438",2017-11-08 01:31:44,808330,808443,808602,1.7335,3.5336,12928.53652768,9439.87061658,256588.07910161
"439",2017-11-08 01:31:45,808330,808444,808548,0.6,1,12895.67423043,9422.9489165,256594.47910161
"440",2017-11-08 01:31:46,808330,808444,808522,0.804,0.04,12891.89323018,9424.75991551,256600.13902161
"441",2017-11-08 01:31:47,808447,808447,808547,0.2653,0.5132,12892.37453018,9440.17621551,256600.84383161
"442",2017-11-08 01:31:48,808547,808447,808547,0.0453,0.3132,12835.71170021,9442.71781551,256600.43073161
"443",2017-11-08 01:31:49,808547,808547,808601,0.6641,0.36,12840.28753018,9446.80471427,256606.47073161
"444",2017-11-08 01:31:50,808600,808452,808600,0.005,1.6804,12839.57431398,9432.35258452,256602.50573161
"445",2017-11-08 01:31:51,808330,808330,808600,12.60774339,1.6204,12837.09831423,9444.93258477,256597.87714965
"446",2017-11-08 01:31:52,808330,808331,808600,0.6176,1.6204,12840.76291521,9444.96258477,256590.87714965
"447",2017-11-08 01:31:53,808857,808332,808480,7,0.5,12844.9544851,9448.92358434,256592.86710965
"448",2017-11-08 01:31:54,808480,808435,808480,0.528,0.49,12838.52519704,9449.46268434,256593.45430965
"449",2017-11-08 01:31:55,808330,808330,808480,8.13574339,0.49,12825.80179581,9452.67108434,256588.82191059
"450",2017-11-08 01:31:56,808330,808330,808480,6.23574413,0.12,12829.15079655,9453.57005991,256585.25261059
"451",2017-11-08 01:31:57,808110,808080,808110,0.1,6.07425587,12827.10605266,9473.29979664,256579.85415472
"452",2017-11-08 01:31:58,808110,808051,808110,4.80000024,0.07425587,12826.60605217,9474.65755696,256586.65415472
"453",2017-11-08 01:31:59,808109,808110,808480,0.2864,2.11425587,12821.67353973,9472.58935365,256594.41615472
"454",2017-11-08 01:32:00,808480,808202,808499,0.05,0.6,12825.38354121,9475.67509778,256596.40615472
"455",2017-11-08 01:32:01,808729,808251,808729,0.6923,2.039,12827.08944073,9460.08409603,256600.41715472
"456",2017-11-08 01:32:02,808729,808332,808458,7,0.05,12825.98943974,9456.96987409,256598.19615464
"457",2017-11-08 01:32:03,808332,808332,808458,6.69820124,0.05,12823.38714246,9451.1699731,256587.4979534
"458",2017-11-08 01:32:04,808332,808332,808900,5.89820124,0.43281515,12822.02114098,9437.48669876,256592.62221481
"459",2017-11-08 01:32:05,808333,808333,808727,0.56450126,1.4306,12816.61635507,9429.94708386,256591.24481388
"460",2017-11-08 01:32:06,808333,808333,808727,0.56450126,1.4306,12817.77595433,9418.53308211,256589.39281364
"461",2017-11-08 01:32:07,808727,808727,808899,0.9,0.7199,12816.31865207,9418.82238211,256589.11271316
"462",2017-11-08 01:32:08,808899,808602,808727,0.01,0.26,12818.48215207,9418.64248211,256588.58591316
"463",2017-11-08 01:32:09,808602,808530,808900,0.012,0.1,12817.72865207,9418.38248211,256588.17591316
"464",2017-11-08 01:32:10,809000,808530,808900,0.012,0.1,12781.68715183,9409.55288211,256591.74888732
"465",2017-11-08 01:32:11,808720,808720,809000,0.098,15.6854,12782.43915183,9404.03288161,256594.28088732
"466",2017-11-08 01:32:12,808727,808936,808998,1.48392413,0.28,12781.58987624,9399.75748161,256594.51656181
"467",2017-11-08 01:32:13,808916,808721,808916,7,8.39127587,12780.02895211,9407.73938758,256598.56449394
"468",2017-11-08 01:32:14,808916,808900,808916,0.5,4.39127587,12799.61104128,9421.44418827,256601.19029685
"469",2017-11-08 01:32:15,808915,808901,808915,7,0.2284,12790.41824109,9405.73215648,256602.14029783
"470",2017-11-08 01:32:16,808916,808901,808916,7,3.98127587,12777.61673903,9421.29215847,256603.06113843
"471",2017-11-08 01:32:17,808916,808902,808916,1.6108,3.98127587,12781.82603952,9418.52375797,256602.6620478
"472",2017-11-08 01:32:18,808916,808902,808916,1.6108,3.88127587,12777.57144025,9419.73275847,256603.34679911
"473",2017-11-08 01:32:19,808903,808903,808916,6.99280075,3.88127587,12785.53615393,9419.73275872,256602.16147417
"474",2017-11-08 01:32:20,809000,808903,809000,6.99280075,7.80597477,12782.82535369,9414.29546022,256612.99378068
"475",2017-11-08 01:32:21,809000,808904,809000,0.8186,7.80597477,12787.31555376,9427.54975912,256606.37378068
"476",2017-11-08 01:32:22,809000,809000,809006,2.19402523,0.04,12777.07617775,9423.25648435,256614.17975545
"477",2017-11-08 01:32:23,809000,809001,809024,0.6,4.874,12784.89037872,9436.21498385,256609.77457897
"478",2017-11-08 01:32:24,809000,809000,809024,1.78742553,4.874,12784.72497873,9445.28398336,256610.36227969
"479",2017-11-08 01:32:25,809000,809000,809024,0.43802553,4.874,12774.74317824,9450.37048336,256614.54918278
"480",2017-11-08 01:32:26,809024,809000,809006,0.43802553,5,12776.30217958,9446.46048311,256617.04918278
"481",2017-11-08 01:32:27,809006,808921,809000,1,0.2861,12777.15767992,9426.97608311,256618.26418278
"482",2017-11-08 01:32:28,809090,808923,809090,7,32.8981,12786.16118041,9395.03432204,256634.69608278
"483",2017-11-08 01:32:29,808923,808924,809000,0.6,0.00149937,12790.93237868,9387.50282141,256633.42470678
"484",2017-11-08 01:32:30,808922,808922,808995,1.80000049,0.01190619,12782.72676584,9373.85123344,256644.57080678
"485",2017-11-08 01:32:31,808921,808916,808995,0.5,0.01190619,12766.35676486,9381.33060584,256646.51530801
"486",2017-11-08 01:32:32,808923,808721,808923,17.01000245,5.99820044,12778.73676559,9396.60331122,256648.73930757
"487",2017-11-08 01:32:33,808721,808721,808922,10.68340147,0.6,12772.41016461,9394.91461246,256649.85590757
"488",2017-11-08 01:32:34,808721,808847,808921,0.01,0.38,12787.93875192,9395.16251221,256649.50230757
"489",2017-11-08 01:32:35,808722,808722,808921,6.01,0.38,12786.96875192,9396.74461321,256650.08880771
"490",2017-11-08 01:32:36,808722,808723,808920,1.9902,0.6,12787.64565192,9395.11321221,256627.0307981
"491",2017-11-08 01:32:37,808722,808846,808893,0.01,3,12782.08845266,9397.54421282,256624.0383981
"492",2017-11-08 01:32:38,808721,808721,808892,10.14600073,0.6,12776.61845168,9400.15421256,256627.6383981
"493",2017-11-08 01:32:39,808720,808720,808721,0.095,0.21239951,12759.10245194,9402.26661257,256632.71209859
"494",2017-11-08 01:32:40,808708,808708,808720,3.044,4,12764.48945267,9405.97421306,256633.76509857
"495",2017-11-08 01:32:41,808708,808708,808720,0.5003,4,12766.87475316,9400.11421182,256636.30879857
"496",2017-11-08 01:32:42,808720,808708,808720,0.2285,3.27999976,12770.64795316,9418.01702872,256637.30059881
"497",2017-11-08 01:32:43,808708,808708,808720,0.0926,3.27999976,12762.76305168,9415.51702922,256637.44649881
"498",2017-11-08 01:32:44,808720,808708,808720,0.0926,3.27850019,12779.40405168,9419.04553088,256637.43628485
"499",2017-11-08 01:32:45,808720,808708,808720,0.0926,3.27850019,12801.35745168,9419.04553088,256637.43628485
"500",2017-11-08 01:32:46,807710,808602,808708,0.01,1,12810.15624518,9416.79717918,256631.15398485
"501",2017-11-08 01:32:47,807711,807711,807908,0.96,0.03,12817.87624395,9418.98018017,256630.58398485
"502",2017-11-08 01:32:48,808450,807908,808450,0.78282,0.01,12801.78925509,9404.04968077,256631.08248588
"503",2017-11-08 01:32:49,808450,807908,808450,0.78282,0.01,12747.21585533,9399.07366562,256621.71042891
"504",2017-11-08 01:32:50,808450,807908,808450,0.78282,0.01,12727.21685533,9404.07366562,256619.0514489
"505",2017-11-08 01:32:51,808567,807908,808567,0.29282,0.4,12746.9898578,9399.63257756,256619.0724489
"506",2017-11-08 01:32:52,807908,807908,808567,0.67782,0.4,12751.8778578,9415.2325803,256619.2774489
"507",2017-11-08 01:32:53,808567,807713,808567,0.83782,0.93000099,12766.86685681,9407.96258004,256616.9972489
"508",2017-11-08 01:32:54,808568,807713,808567,3.83782,2.40000025,12771.66685854,9408.45258029,256618.68569511
"509",2017-11-08 01:32:55,807713,807713,808567,3,2.39000025,12775.03003815,9399.15257954,256613.85509406
"510",2017-11-08 01:32:56,807950,807714,807950,0.24,0.022,12775.35003815,9393.17457954,256612.56823417
"511",2017-11-08 01:32:57,807950,807915,807950,1,0.02,12778.27903666,9409.00108688,256612.48413417
"512",2017-11-08 01:32:58,808547,807916,808547,0.6,5.91000149,12798.38003715,9403.43798712,256612.79413417
"513",2017-11-08 01:32:59,807954,807916,807950,0.6,0.49,12788.17703641,9403.33798489,256612.14993287
"514",2017-11-08 01:33:00,807713,807713,807950,2.3874,0.49,12790.0224369,9421.81638578,256613.23703287
"515",2017-11-08 01:33:01,808399,807714,808399,1.731,0.35000198,12796.0614369,9415.12308599,256600.21463287
"516",2017-11-08 01:33:02,807916,807714,807916,0.6,0.0415,12800.36543641,9427.25248525,256602.81163286
"517",2017-11-08 01:33:03,807949,807714,807949,0.698,0.261,12796.67233641,9457.20198525,256576.54063286
"518",2017-11-08 01:33:04,807713,807713,807915,1.31490063,0.5645,12804.12703548,9460.10737458,256577.02813223
"519",2017-11-08 01:33:05,807914,807713,807914,1.31490063,6.97,12800.36569783,9448.50906195,256577.08813223
"520",2017-11-08 01:33:06,807914,807715,807914,1.4125,6.92,12801.72759783,9449.73744831,256577.05713222
"521",2017-11-08 01:33:07,807914,807715,807913,1.4125,1.19,12799.32259759,9440.21894638,256576.00133173
"522",2017-11-08 01:33:08,807913,807714,807912,1.9098,7,12806.82289932,9440.13164638,256575.96513077
"523",2017-11-08 01:33:09,807913,807716,807912,1.9098,7.5421,12803.79289932,9434.60154563,256575.01113077
"524",2017-11-08 01:33:10,807913,807713,807911,1.31490063,1.18520096,12762.88809932,9442.94464809,256573.06513126
"525",2017-11-08 01:33:11,807714,807714,807907,0.9099,0.005,12761.59799858,9442.71174809,256575.66213126
"526",2017-11-08 01:33:12,807911,807712,807911,0.40460162,1.09020195,12757.71279956,9442.71726272,256576.67243027
"527",2017-11-08 01:33:13,807712,807712,807910,0.20460162,0.0515,12751.01279883,9437.36876371,256576.87243027
"528",2017-11-08 01:33:14,807911,807758,807910,0.001,0.4293,12790.22879956,9436.99806321,256577.07043026
"529",2017-11-08 01:33:15,807911,807758,807909,0.001,0.94170195,12789.94879956,9438.28806321,256577.03543026
"530",2017-11-08 01:33:16,807758,807712,807714,0.20460162,0.999,12800.07789882,9432.12282471,256576.87636951
"531",2017-11-08 01:33:17,807714,807712,807714,0.20460162,0.466,12801.53551345,9429.75282396,256573.07116951
"532",2017-11-08 01:33:18,807712,807713,807714,7,0.466,12807.5804517,9443.553827,256570.00016951
"533",2017-11-08 01:33:19,807714,807713,808263,8.9274,0.533,12809.5078517,9440.34782674,256570.46616951
"534",2017-11-08 01:33:20,807714,807714,808262,0.466,0.6,12796.27645121,9448.14882788,256569.86816951
"535",2017-11-08 01:33:21,807714,807713,807903,2.4046,0.4,12797.91505121,9457.85382763,256562.38316951
"536",2017-11-08 01:33:22,807650,807606,807650,0.014,1.12679838,12793.53623595,9473.98262651,256566.25637113
"537",2017-11-08 01:33:23,807650,807657,807902,0.12320261,0.59,12808.14343698,9479.62182594,256566.98316951
"538",2017-11-08 01:33:24,807714,807714,807814,0.1977,0.002,12817.94113713,9487.8286267,256565.98316951
"539",2017-11-08 01:33:25,807901,807515,807903,0.02890261,0.4,12819.59013761,9477.88362645,256565.09516951
"540",2017-11-08 01:33:26,807638,807515,807638,0.02890261,0.0223,12822.94163761,9463.85402659,256565.57466937
"541",2017-11-08 01:33:27,807901,807638,807902,0.0233,0.597,12817.78455002,9448.6805256,256565.97110953
"542",2017-11-08 01:33:28,807901,807638,807900,0.0233,0.1,12817.53155002,9447.53152659,256565.87110953
"543",2017-11-08 01:33:29,807900,807714,807900,7,0.099,12825.51965002,9443.83912659,256565.87210953
"544",2017-11-08 01:33:30,808566,808000,808566,0.02,7.9768014,12824.78965076,9438.49412635,256571.73711076
"545",2017-11-08 01:33:31,808566,808000,808566,0.02,3.17680115,12833.55595051,9430.9941261,256571.53711076
"546",2017-11-08 01:33:32,808566,808000,808565,0.02,0.4774,12819.62343713,9436.27052635,256546.87154776
"547",2017-11-08 01:33:33,808566,808000,808566,0.01800052,4.95320041,12814.8384369,9439.80052536,256548.68111024
"548",2017-11-08 01:33:37,808515,808114,808323,1.1895,0.118,12830.1724366,9440.23317176,256550.04984477
"549",2017-11-08 01:33:38,808115,808115,808323,1.4386,0.118,12831.76915024,9442.17697136,256552.57387179
"550",2017-11-08 01:33:39,808115,808115,808323,0.8386,0.118,12824.20614976,9443.16721129,256555.03184477
"551",2017-11-08 01:33:40,808115,808015,808323,0.01373466,0.118,12827.98688491,9432.98051129,256554.63184477
"552",2017-11-08 01:33:41,808015,808116,808323,0.6,0.118,12828.58538603,9450.48860627,256553.99334414
"553",2017-11-08 01:33:42,808510,807621,808194,0.81223578,0.01,12819.82178603,9449.69270627,256555.39334414
"554",2017-11-08 01:33:43,808510,808117,808508,1.0669,7.20000174,12829.65907288,9449.41270602,256553.68457326
"555",2017-11-08 01:33:44,808509,807622,808193,1.0669,0.01,12824.69907239,9443.50270478,256552.2769983
"556",2017-11-08 01:33:45,808508,808000,808507,0.02,1.4023,12828.65347263,9443.39720506,256551.2779983
"557",2017-11-08 01:33:46,808508,808000,808506,0.02,1.04,12829.30513685,9443.07920506,256545.40366836
"558",2017-11-08 01:33:47,808506,808000,808505,0.01,0.44,12841.27223809,9444.538308,256543.0040673
"559",2017-11-08 01:33:48,808506,808001,808505,7,0.44,12855.78223636,9450.79590694,256543.0040673
"560",2017-11-08 01:33:49,808506,808002,808505,0.21761364,1.8777,12860.23685049,9458.40560818,256543.7040673
"561",2017-11-08 01:33:50,808506,808016,808504,7,0.48,12868.22685049,9441.62560843,256537.7040673
"562",2017-11-08 01:33:51,808506,808017,808503,0.91,1.08,12873.20865097,9449.42560868,256538.39016531
"563",2017-11-08 01:33:52,808506,808017,808502,1.8147,0.60000099,12866.03315108,9450.99340843,256538.39016531
"564",2017-11-08 01:33:53,808506,808018,808515,0.6,0.8,12863.63614909,9444.14067357,256528.38836565
"565",2017-11-08 01:33:54,808018,808037,808241,0.5,0.01,12870.51553668,9439.15197526,256512.77706467
"566",2017-11-08 01:33:55,808018,808037,808241,0.5,0.01,12871.11553668,9429.44657302,256485.27700156
"567",2017-11-08 01:33:56,808018,808057,808241,0.5,0.01,12866.34153671,9440.14107401,256469.25900156
"568",2017-11-08 01:33:57,808018,808057,808241,0.5,0.01,12884.37153745,9442.77966371,256458.05900156
"569",2017-11-08 01:33:58,808018,808077,808241,0.5,0.01,12890.93933794,9441.43806276,256457.90500156
"570",2017-11-08 01:33:59,808018,808077,808241,0.5,0.01,12886.53883742,9440.31636252,256448.11500156
"571",2017-11-08 01:34:00,808512,808079,808512,7,1.41000174,12884.05733818,9457.56636277,256447.85500156
"572",2017-11-08 01:34:01,808512,808097,808512,0.5,0.52800174,12884.58033769,9455.51526277,256448.22600156
"573",2017-11-08 01:34:02,808502,808097,808502,0.5,0.01011623,12885.19323879,9447.42637831,256444.7534245
"574",2017-11-08 01:34:03,808502,808098,808497,1.13110003,0.01191479,12877.3258378,9458.80769459,256443.06100053
"575",2017-11-08 01:34:04,808511,808202,808511,0.002,0.92203102,12883.15863928,9454.32959235,256443.49521062
"576",2017-11-08 01:34:05,808566,808202,808502,0.002,0.01191589,12885.17253978,9452.14450888,256452.22473625
"577",2017-11-08 01:34:06,808510,808202,808510,0.002,1.27531589,12876.99775366,9446.20790838,256451.43323625
"578",2017-11-08 01:34:07,808203,808203,808510,6.99800042,1.27531589,12888.25545383,9447.23390814,256451.19953516
"579",2017-11-08 01:34:08,808203,808204,808510,0.60000074,0.07531589,12881.9252526,9436.44790739,256450.12693516
"580",2017-11-08 01:34:09,808203,808205,808567,0.5505,1.97167932,12874.13995168,9438.16786122,256450.08893516
"581",2017-11-08 01:34:10,808203,808223,808566,0.20719905,1.1646,12892.21865168,9440.42116122,256449.7661358
"582",2017-11-08 01:34:11,808203,808510,808566,0.00179966,1.6946,12892.43373823,9441.95216152,256446.7871358
"583",2017-11-08 01:34:12,808203,808510,808566,0.00179966,1.1646,12892.15323746,9455.82216326,256438.5194372
"584",2017-11-08 01:34:13,808510,808510,808513,0.00029979,0.01,12875.42353784,9453.67756227,256435.71593707
"585",2017-11-08 01:34:14,808098,808098,808513,3.83219958,0.01,12873.82223785,9447.81946078,256436.99553707
"586",2017-11-08 01:34:15,808567,808227,808567,7,1.93167932,12884.94413859,9435.76945978,256411.28253707
"587",2017-11-08 01:34:16,808567,808227,808474,7.1283,0.527,12884.34173859,9443.86376078,256406.28053749
"588",2017-11-08 01:34:17,808567,808228,808567,0.21761364,0.46867932,12885.72085236,9452.46376153,256406.88053749
"589",2017-11-08 01:34:18,808566,808228,808566,0.36431364,1.4807,12873.32955275,9448.73679868,256401.67153749
"590",2017-11-08 01:34:19,808228,808229,808566,0.72330003,1.4807,12883.66384885,9455.34063123,256401.67384166
"591",2017-11-08 01:34:20,808228,808230,808372,0.1472,0.01,12877.37724885,9485.77446426,256398.67384166
"592",2017-11-08 01:34:21,808227,808227,808372,3.9620095,0.01,12877.39224885,9479.37446227,256400.06234199
"593",2017-11-08 01:34:22,808565,808565,808566,2.84,0.6107,12880.21484885,9477.88846227,256400.12234199
"594",2017-11-08 01:34:23,808565,808228,808565,0.34,0.00962,12892.12523837,9481.37338376,256397.60934199
"595",2017-11-08 01:34:24,808097,808098,808497,0.6,0.01191479,12904.82623847,9485.60487805,256400.10934199
"596",2017-11-08 01:34:25,808097,808098,808497,0.6,0.01191479,12904.83523847,9475.96287607,256398.29934199
"597",2017-11-08 01:34:26,808098,808098,808497,0.19850013,0.01191479,12903.42173761,9487.89987632,256399.00084186
"598",2017-11-08 01:34:27,808098,808230,808497,0.2,0.01191479,12905.6954386,9505.66537755,256399.82084186
"599",2017-11-08 01:34:28,808098,808230,808272,0.2,0.01,12912.28463909,9508.19897755,256399.82084186
"600",2017-11-08 01:34:29,808230,808230,808272,0.15,0.01,12917.01543958,9503.25097755,256399.71084186
