"","time","lst","best_bid","best_ask","best_bid_size","best_ask_size","total_bid_depth","total_ask_depth","volume"
"1",2017-11-08 01:45:26,808199,808161,808199,0.39,7.53100102,12780.9464794,9522.00331756,255412.43005351
"2",2017-11-08 01:45:27,808160,808160,808199,2.1682,7.53100102,12796.06668038,9546.3060198,255405.97225351
"3",2017-11-08 01:45:28,808162,808162,808199,0.3651,3.53100102,12806.04638013,9529.06092008,255404.97625252
"4",2017-11-08 01:45:29,808179,808179,808198,0.03,2.07522668,12792.15128038,9516.35814574,255403.10075207
"5",2017-11-08 01:45:30,808170,808170,808198,1.89667,2.07522668,12798.05895211,9508.84414549,255400.19403207
"6",2017-11-08 01:45:31,808170,808170,808195,1.88667,0.0074,12799.64895137,9511.42791782,255395.25603207
"7",2017-11-08 01:45:32,808170,808170,808194,1.28667,2.07522668,12803.55225187,9501.24014398,255394.78903207
"8",2017-11-08 01:45:33,808170,808170,808194,1.06797,2.07522668,12801.59025187,9518.63014647,255395.07169432
"9",2017-11-08 01:45:34,808194,808170,808194,1.01927,2.06802763,12801.54155187,9518.53294593,255393.63659337
"10",2017-11-08 01:45:35,808170,808170,808194,0.94647,2.06802763,12800.26875088,9516.96294593,255385.69914337
"11",2017-11-08 01:45:36,808170,808170,808198,0.44647,2.06802763,12823.76875235,9511.18194617,255385.28914337
"12",2017-11-08 01:45:37,808170,808170,808198,0.34647,2.06802763,12813.51315186,9526.55194668,255384.51914337
"13",2017-11-08 01:45:38,808161,808161,808198,0.06647,2.06802763,12808.73815186,9533.15194742,255375.89964337
"14",2017-11-08 01:45:39,808160,808160,808199,0.54467,1.06622867,12809.40575186,9524.95014822,255380.66144233
"15",2017-11-08 01:45:40,808200,808001,808299,1.7836,0.002,12807.47935186,9527.12592029,255378.58284492
"16",2017-11-08 01:45:41,808001,808001,808299,1.2836,0.002,12805.38134989,9527.37592004,255377.75794492
"17",2017-11-08 01:45:42,808000,808000,808299,22.97927,0.002,12787.37134964,9529.81742029,255377.93994492
"18",2017-11-08 01:45:43,808000,808002,808299,0.5885,0.002,12791.96184964,9530.99311902,255357.14824492
"19",2017-11-08 01:45:44,808000,808000,808124,22.97927,0.01,12791.37334964,9529.88311902,255353.15659392
"20",2017-11-08 01:45:45,808000,808003,808124,0.5885,0.01,12791.98184964,9529.37311952,255352.18209387
"21",2017-11-08 01:45:50,808170,808001,808170,5.5,2.19463075,12811.94795285,9520.85055075,255349.90376387
"22",2017-11-08 01:45:51,808412,808001,808167,6.0736,0.6,12804.55395147,9517.21191926,255353.90376387
"23",2017-11-08 01:45:52,808411,808001,808411,2.0736,0.65113042,12809.35195171,9525.99304968,255359.50376387
"24",2017-11-08 01:45:53,808412,808110,808270,0.01,0.002,12808.78835122,9522.54391901,255361.75666987
"25",2017-11-08 01:45:54,808325,808270,808325,0.1,0.8,12826.89675112,9536.81441942,255362.67406987
"26",2017-11-08 01:45:55,808221,808221,808324,0.55,0.56,12821.87438112,9526.43041867,255362.91406987
"27",2017-11-08 01:45:56,808170,808171,808324,0.368,0.56,12821.23275112,9523.67842016,255363.90406987
"28",2017-11-08 01:45:57,808170,808222,808409,1.6788,0.56,12815.72077999,9523.52402016,255363.55006987
"29",2017-11-08 01:45:58,808011,808223,808408,0.26,0.18,12817.61507999,9509.08051916,255367.53479387
"30",2017-11-08 01:45:59,808223,808223,808407,0.25850033,0.6,12842.21158081,9515.66431138,255367.48629354
"31",2017-11-08 01:46:00,808223,808224,808407,0.5903,0.6,12842.22258105,9511.32171014,255367.4814944
"32",2017-11-08 01:46:01,808223,808251,808406,1,1.14,12850.90058072,9503.64260964,255367.4112944
"33",2017-11-08 01:46:02,808551,808251,808551,1,0.60967718,12848.20058097,9502.64950964,255369.4112944
"34",2017-11-08 01:46:03,808551,808400,808405,0.02,0.18,12852.79518161,9497.83883029,255368.39309354
"35",2017-11-08 01:46:04,808251,808251,808376,0.8969,0.01,12851.50718189,9504.82983187,255365.91649354
"36",2017-11-08 01:46:05,808251,808252,808376,0.4132,0.01,12844.29038189,9509.78533312,255364.61649354
"37",2017-11-08 01:46:06,808251,808251,808376,0.3101,0.01,12843.63308189,9510.88213361,255364.2396944
"38",2017-11-08 01:46:07,808251,808252,808288,0.2203,0.01,12834.2543815,9501.63213286,255359.92819493
"39",2017-11-08 01:46:08,808252,808252,808288,0.21880043,0.01,12842.70288143,9503.4432336,255359.48929542
"40",2017-11-08 01:46:10,808252,808230,808376,1.52890043,0.01,12808.45945266,9502.65993311,255360.69929469
"41",2017-11-08 01:46:11,808252,808262,808376,2,0.01,12757.19095266,9510.52753386,255360.11629467
"42",2017-11-08 01:46:12,808999,808262,808546,2,1.20000099,12795.68488276,9519.52753485,255364.84128867
"43",2017-11-08 01:46:13,808409,808262,808409,1.305,4,12792.62098276,9522.71753485,255366.90128867
"44",2017-11-08 01:46:14,808263,808263,808404,0.8049,0.6,12780.96028126,9524.37483377,255365.54128867
"45",2017-11-08 01:46:15,808262,808262,808403,1.02467133,0.6,12820.31135234,9531.64083377,255361.758881
"46",2017-11-08 01:46:16,808222,808222,808405,0.20430176,5.1,12794.19618224,9537.59483383,255356.01245152
"47",2017-11-08 01:46:20,808343,808323,808343,0.05,0.002,12825.92608171,9534.73451258,255353.62595503
"48",2017-11-08 01:46:24,808476,808373,808476,0.2713,0.602,12835.37007973,9542.49451109,255349.56995503
"49",2017-11-08 01:46:25,808476,808373,808476,0.2713,0.602,12835.97008072,9550.90151109,255349.56995503
"50",2017-11-08 01:46:26,808318,808303,808476,15.18,0.592,12852.17418072,9550.08291109,255344.29995503
"51",2017-11-08 01:46:27,808475,808304,808475,1.2,0.55,12851.15118072,9558.53091209,255344.33845503
"52",2017-11-08 01:46:28,808997,808400,808997,0.02,1.521301,12853.89418146,9537.71971233,255341.41065503
"53",2017-11-08 01:46:29,808997,808660,808996,0.1,0.24,12860.76728048,9527.81721233,255340.01065503
"54",2017-11-08 01:46:30,808997,808999,809000,3.436699,1.101,12860.88287972,9516.96291133,255339.36195603
"55",2017-11-08 01:46:31,809000,808999,809000,1.04025671,0.971,12855.50583743,9516.63409709,255321.93942673
"56",2017-11-08 01:46:32,809000,809000,809110,14.9,0.071,12872.98163743,9513.45409659,255320.32382765
"57",2017-11-08 01:46:33,809000,809000,809116,15.39499925,0.2,12874.33723643,9521.98309734,255319.0348272
"58",2017-11-08 01:46:34,809000,809045,809065,0.1,0.1,12887.52263717,9526.43069143,255307.75088258
"59",2017-11-08 01:46:35,809000,809045,809065,0.1,0.1,12880.40463692,9524.92269118,255306.86452577
"60",2017-11-08 01:46:36,809045,809045,809116,0.187,0.2,12864.60014816,9527.41129168,255306.11752577
"61",2017-11-08 01:46:37,809045,809045,809118,0.183,0.2,12854.96114767,9527.10121058,255305.45092577
"62",2017-11-08 01:46:38,809247,809063,809246,0.03,0.28,12855.89114865,9525.42121058,255297.84853924
"63",2017-11-08 01:46:39,809160,809138,809246,0.03,0.7696,12853.63184841,9525.46121058,255294.34853924
"64",2017-11-08 01:46:40,809160,809138,809245,0.03,0.28,12853.83184817,9505.07120907,255293.00493924
"65",2017-11-08 01:46:41,809245,809245,809246,0.56,0.25,12858.26124842,9514.47161057,255284.34493924
"66",2017-11-08 01:46:42,809245,809245,809250,0.56,0.02,12848.36626298,9514.22161057,255280.35793924
"67",2017-11-08 01:46:43,809250,809245,809256,0.56,0.25,12858.47096396,9514.06261087,255272.68773802
"68",2017-11-08 01:46:44,809335,809246,809335,0.00179926,1.5154,12873.69450626,9513.38401087,255273.17610575
"69",2017-11-08 01:46:45,809245,809245,809334,1.05979998,0.28,12868.39980649,9504.46400937,255266.49810503
"70",2017-11-08 01:46:46,809245,809245,809334,0.94479998,0.27,12865.56450673,9506.04401086,255223.8266345
"71",2017-11-08 01:46:47,809335,809246,809335,0.5343,1.2154,12856.49880624,9505.47401086,255218.6204345
"72",2017-11-08 01:46:48,809245,809161,809245,0.03,0.11490002,12855.57070626,9501.73891138,255218.76623448
"73",2017-11-08 01:46:49,809245,809170,809335,5,0.7154,12863.19050724,9504.80781186,255209.99576093
"74",2017-11-08 01:46:50,809245,809171,809335,0.6,0.7154,12857.661507,9505.72181127,255201.44348441
"75",2017-11-08 01:46:51,809335,809171,809335,1.0908,0.7144,12852.50950725,9506.42030386,255196.06239962
"76",2017-11-08 01:46:52,809769,809172,809568,1.16,0.28,12852.85392847,9493.90030311,255198.41343677
"77",2017-11-08 01:46:53,809769,809426,809769,0.03,8.57972288,12853.86804252,9498.71708019,255197.80743677
"78",2017-11-08 01:46:54,809768,809693,809768,0.1,0.25,12837.14404221,9487.51492337,255210.33743677
"79",2017-11-08 01:46:55,809770,809714,809770,0.097,7.37756581,12836.46730206,9486.55492412,255195.26683677
"80",2017-11-08 01:46:56,809770,809714,809770,0.097,7.37756581,12846.2673023,9493.15492486,255195.21663677
"81",2017-11-08 01:46:57,809799,809800,809805,9.72893419,2.4,12879.49993529,9495.32736055,255202.09244041
"82",2017-11-08 01:46:58,809805,809800,809806,9.72893419,0.94,12878.64162174,9478.92735881,255189.54423647
"83",2017-11-08 01:46:59,809999,809805,809999,1.0707,1.00200075,12859.61691384,9479.6273598,255172.19983647
"84",2017-11-08 01:47:00,809805,809800,809805,9.07893419,0.3907,12855.99621286,9481.2410598,255163.72063876
"85",2017-11-08 01:47:01,809805,809801,809805,0.2255,0.2907,12859.32071472,9496.22016054,255160.18313598
"86",2017-11-08 01:47:02,809800,809800,809805,4.47893419,0.9807,12843.37521399,9495.12906054,255152.02565183
"87",2017-11-08 01:47:03,809909,809800,809909,4.47893419,0.05,12850.57021325,9505.75395955,255152.31065183
"88",2017-11-08 01:47:04,809997,809889,809997,0.1,1.2056,12849.73222196,9505.15395955,255149.95065037
"89",2017-11-08 01:47:05,809997,809930,809996,0.095,1.9638,12849.76321251,9488.48015905,255149.69505037
"90",2017-11-08 01:47:06,809930,809930,810000,0.09350063,5.001,12853.84661486,9491.31636004,255149.48654974
"91",2017-11-08 01:47:07,809930,809930,809995,0.09350063,1.6015,12853.35111485,9492.26304523,255144.27944949
"92",2017-11-08 01:47:08,809995,809930,809995,0.09350063,0.3015,12841.19014818,9480.76304374,255140.48531965
"93",2017-11-08 01:47:09,809955,809955,810000,0.09,5.001,12836.89674742,9480.49054344,255133.99531965
"94",2017-11-08 01:47:10,810000,809930,810000,0.09350063,4.151,12822.19644668,9481.73759183,255127.8844284
"95",2017-11-08 01:47:11,809930,809930,810000,0.08870139,4.031,12820.64164597,9484.11859238,255125.20722764
"96",2017-11-08 01:47:12,810000,809800,810000,4.22893419,3.1123,12819.37244482,9480.91369139,255121.75932739
"97",2017-11-08 01:47:13,810000,809890,810000,0.59,1.1123,12825.39244604,9489.21369411,255112.89932642
"98",2017-11-08 01:47:14,810000,809800,809990,4.22893419,0.02379058,12816.24574672,9490.99658016,255100.5093252
"99",2017-11-08 01:47:15,809800,809801,810000,0.6622,1.6023,12817.07922519,9478.53869315,255099.68204702
"100",2017-11-08 01:47:16,809800,809801,810000,1.26220049,1.6023,12812.7657247,9481.36869414,255101.0582215
"101",2017-11-08 01:47:17,810048,809885,809905,0.1,0.1,12810.74652396,9488.5014929,255102.65822053
"102",2017-11-08 01:47:18,809905,809885,809905,0.1,0.09819994,12824.85882494,9488.33469358,255045.41082059
"103",2017-11-08 01:47:19,809905,809885,809905,0.1,0.09819994,12830.48351721,9496.72139372,255045.11082059
"104",2017-11-08 01:47:20,809801,809801,809905,1.30000147,0.59819994,12834.07531745,9506.08498941,255039.20082059
"105",2017-11-08 01:47:21,809801,809801,809904,1.20000098,1.0385,12852.47921696,9545.73068768,255038.64179931
"106",2017-11-08 01:47:22,809904,809800,809905,4.17893419,0.09,12841.10870474,9543.92918917,255034.20099806
"107",2017-11-08 01:47:23,809800,809800,809870,4.16893419,0.01,12840.53970376,9548.32655881,255027.59480035
"108",2017-11-08 01:47:24,809890,809801,809878,0.6,0.01,12885.46650376,9551.79855909,255020.71479913
"109",2017-11-08 01:47:25,810050,809801,810050,0.6,34.81909513,12812.40906483,9555.86525983,255022.44510702
"110",2017-11-08 01:47:26,810050,809905,810050,0.00479934,34.81809513,12813.87386491,9545.18153903,255016.23204701
"111",2017-11-08 01:47:27,809800,809800,810050,4.06893419,34.81809513,12814.96906556,9516.6615368,255014.08584635
"112",2017-11-08 01:47:28,809800,809693,809800,0.1,9.28863237,12823.20953186,9530.86417165,255014.19057689
"113",2017-11-08 01:47:29,809799,809693,809799,0.1,0.28420006,12831.68953235,9529.7503711,255012.88637683
"114",2017-11-08 01:47:30,809799,809771,809799,0.01,0.28420006,12832.67774155,9524.40317035,255010.77057683
"115",2017-11-08 01:47:31,809798,809600,809798,0.02,0.94740035,12832.23353284,9529.3648722,255007.43680717
"116",2017-11-08 01:47:32,809800,809600,809797,0.02,0.48420006,12834.29943358,9494.22207672,255004.06777575
"117",2017-11-08 01:47:33,809600,809520,809693,0.1,0.009,12835.02133352,9494.89747702,255002.59877575
"118",2017-11-08 01:47:34,809246,809246,809756,1.06659532,0.19820094,12832.88593352,9496.53077796,255004.10057481
"119",2017-11-08 01:47:35,809654,809631,809654,0.01,0.554,12824.48083236,9485.42474417,255003.65257481
"120",2017-11-08 01:47:36,809000,809000,809654,9.91528661,0.454,12824.1175326,9484.27674418,255006.93587481
"121",2017-11-08 01:47:37,809245,809065,809245,0.78282,0.32629951,12821.1478526,9485.43823592,255012.1738753
"122",2017-11-08 01:47:38,809609,809003,809609,7.30279906,0.1902075,12814.33060855,9471.12167245,255022.1578753
"123",2017-11-08 01:47:39,809244,809066,809244,0.41,0.3621,12807.94928598,9475.92829666,255025.3808753
"124",2017-11-08 01:47:40,809003,809004,809250,0.79,0.02,12813.14228647,9473.01339635,255021.6620753
"125",2017-11-08 01:47:41,809003,809066,809243,0.1,0.5754,12830.96228745,9479.26779695,255020.3520753
"126",2017-11-08 01:47:42,809003,809066,809086,0.1,0.1,12842.00948863,9478.38969747,255019.7610753
"127",2017-11-08 01:47:43,809086,809066,809130,0.2,0.01,12831.77848839,9479.51969773,255019.1588753
"128",2017-11-08 01:47:44,809004,809004,809086,1.38429906,0.1,12836.86178771,9484.06969798,255019.47407636
"129",2017-11-08 01:47:45,809608,809100,809608,6,0.74129129,12837.9559884,9485.21709729,255020.07597436
"130",2017-11-08 01:47:46,809100,809100,809608,1.499,0.74129129,12836.10517856,9478.34709729,255019.38697436
"131",2017-11-08 01:47:47,809607,809100,809607,0.399,0.57,12824.35897905,9460.31709629,255012.19766781
"132",2017-11-08 01:47:48,809607,809344,809606,0.1,0.6,12824.43897905,9461.90700575,255010.95766781
"133",2017-11-08 01:47:49,809101,809101,809364,1.0303,0.2,12825.8635793,9461.43700599,255007.62780547
"134",2017-11-08 01:47:50,809101,809101,809364,1.0303,0.2,12827.98357954,9465.67200624,255004.69135103
"135",2017-11-08 01:47:51,809364,809100,809364,0.219,0.1,12822.65007954,9464.24100599,255004.90485106
"136",2017-11-08 01:47:52,809344,809307,809344,0.002,0.50582,12819.1668788,9463.85882613,255004.14285106
"137",2017-11-08 01:47:53,809344,809307,809344,0.002,0.49582,12819.70487009,9461.28302406,255004.09285106
"138",2017-11-08 01:47:54,809004,809004,809086,10.0677909,0.1,12821.1028696,9469.7369264,255006.06485106
"139",2017-11-08 01:47:55,809100,809004,809100,8.0677909,1.4222,12819.4028696,9461.78792491,255010.07745269
"140",2017-11-08 01:47:56,809100,809004,809100,8.0677909,1.3222,12819.63287058,9462.72812429,255010.20175057
"141",2017-11-08 01:47:57,809004,809004,809099,5.6639909,0.59820104,12817.7019696,9472.64912706,255012.83834953
"142",2017-11-08 01:47:58,809004,809004,809133,4.4639909,0.2,12821.89097107,9468.92452786,255013.97834953
"143",2017-11-08 01:47:59,809005,809005,809094,0.3044,0.005,12813.37737929,9470.53952786,255012.49494953
"144",2017-11-08 01:48:00,809098,809100,809133,2.2883,0.2,12801.66567929,9471.45452885,255010.29664856
"145",2017-11-08 01:48:01,809133,809100,809133,2.2883,0.1817,12802.87668003,9461.48622712,255005.95664953
"146",2017-11-08 01:48:02,809100,809005,809133,0.3044,0.17690016,12800.58838003,9461.49042728,255005.82974937
"147",2017-11-08 01:48:03,809482,809006,809482,7,0.02972016,12817.18838052,9459.49042728,255006.84744937
"148",2017-11-08 01:48:04,809600,809465,809600,0.1,0.116,12802.53087905,9456.30442635,255010.03765021
"149",2017-11-08 01:48:05,810255,809842,810255,0.09,0.505,12816.63237979,9464.29649844,255010.40114997
"150",2017-11-08 01:48:06,809842,809842,809999,0.085,1.14000075,12820.93938004,9475.84375427,255009.62616973
"151",2017-11-08 01:48:07,809999,809201,809599,0.585,0.684,12819.3909793,9474.34265278,255008.95906805
"152",2017-11-08 01:48:08,809598,809202,809598,0.54,1.0867,12822.82488003,9475.51077685,255004.02106805
"153",2017-11-08 01:48:09,809598,809202,809594,1.8654,0.005,12824.15028003,9476.9504,255001.84620818
"154",2017-11-08 01:48:10,809998,809390,809998,0.099,0.3579,12818.58088003,9475.10740092,255000.61970818
"155",2017-11-08 01:48:11,809593,809400,809592,0.208,0.28,12813.23887851,9482.87259926,255000.81544823
"156",2017-11-08 01:48:12,809593,809400,809410,0.208,0.1,12814.26247674,9484.64630055,254994.54302103
"157",2017-11-08 01:48:13,809593,809400,809410,0.709,0.2,12801.37937748,9478.95810048,254990.04683221
"158",2017-11-08 01:48:14,809410,809500,809591,0.01,0.5007,12800.19139226,9491.09589863,254989.23483221
"159",2017-11-08 01:48:15,809400,809400,809415,0.48909896,0.1,12818.09529324,9491.01729751,254973.29240818
"160",2017-11-08 01:48:16,809415,809402,809415,0.6,0.09850063,12818.19629324,9491.35759881,254973.12010859
"161",2017-11-08 01:48:17,809999,809999,810000,3.30739758,24.1,12846.56309254,9488.89619789,254977.09933501
"162",2017-11-08 01:48:18,809999,809999,810000,3.30739758,24.1,12853.19339254,9489.89619789,254976.65542333
"163",2017-11-08 01:48:19,810000,809999,810000,3.30739758,22.01679896,12850.48209229,9483.11299859,254977.26862437
"164",2017-11-08 01:48:20,809999,809999,810000,1.6373985,13.01679896,12841.83309351,9464.43899785,254986.93862345
"165",2017-11-08 01:48:21,810000,809999,810000,1.63559974,9.16649896,12839.46129401,9470.05569859,254987.29957638
"166",2017-11-08 01:48:22,810000,809999,810000,0.501,6.66649896,12840.78749437,9467.40799809,254988.27557737
"167",2017-11-08 01:48:23,810000,809999,810000,0.489,4.16749896,12833.57899284,9477.9799983,254988.85884161
"168",2017-11-08 01:48:24,809999,810004,810023,0.005,0.01,12827.77379186,9468.6724981,254992.79734057
"169",2017-11-08 01:48:25,810058,810082,810100,2.767,0.21,12831.5363921,9464.54010009,254978.03234057
"170",2017-11-08 01:48:26,810082,810082,810260,2.76500122,21.6946091,12831.4423781,9459.32470671,254971.67923049
"171",2017-11-08 01:48:27,810082,810083,810239,0.6,0.5029,12837.93358007,9459.82760671,254961.56312717
"172",2017-11-08 01:48:28,810239,810083,810239,0.6,0.0019,12833.63457933,9464.32660671,254944.69596982
"173",2017-11-08 01:48:29,810196,810084,810101,1.6431,0.09,12844.23668007,9449.34470473,254944.62417048
"174",2017-11-08 01:48:30,810196,810085,810101,0.6,0.09,12831.60758007,9458.43460771,254936.8173272
"175",2017-11-08 01:48:31,810239,810083,810239,0.6,0.47,12828.05018055,9467.53580845,254936.42682597
"176",2017-11-08 01:48:32,810083,810083,810238,0.597,0.3098,12836.04019479,9467.42820846,254906.91973606
"177",2017-11-08 01:48:33,810101,810101,810237,0.087,0.003,12831.78810355,9467.09430699,254896.75273606
"178",2017-11-08 01:48:34,810101,810084,810239,1.6951,0.47,12830.99920257,9453.46760526,254875.03524911
"179",2017-11-08 01:48:35,810260,810085,810260,0.597,14.5039091,12834.59920355,9449.5519055,254877.72524911
"180",2017-11-08 01:48:36,810260,810086,810259,0.023,16,12827.05030355,9461.5239055,254880.27820847
"181",2017-11-08 01:48:37,810086,810086,810258,0.622,0.3,12836.36019029,9453.228906,254884.18703646
"182",2017-11-08 01:48:38,810086,810086,810258,0.622,0.3,12841.35419029,9462.82890674,254875.73713646
"183",2017-11-08 01:48:39,810259,810085,810257,7,0.3,12841.48418931,9453.12890525,254877.53233855
"184",2017-11-08 01:48:40,810085,810086,810257,0.904,0.3,12839.77619078,9447.18800525,254841.51493751
"185",2017-11-08 01:48:41,810085,810083,810257,0.8774,0.3,12838.84959029,9445.925906,254841.80551541
"186",2017-11-08 01:48:42,810085,810082,810256,1.17060245,1.5279,12819.16118981,9448.640806,254838.09101654
"187",2017-11-08 01:48:43,810256,810082,810256,1.17060245,0.7279,12825.44819005,9447.840806,254838.79101654
"188",2017-11-08 01:48:44,810256,810083,810254,1.587,0.3,12824.33310459,9457.31290674,254838.05341654
"189",2017-11-08 01:48:45,810087,810087,810255,0.00350013,0.3,12808.65660472,9461.17040694,254838.62691641
"190",2017-11-08 01:48:46,810087,810093,810251,5.007,0.01190129,12812.56260546,9462.56570823,254830.71691641
"191",2017-11-08 01:48:47,810093,810093,810251,5.006,0.01190129,12817.32060644,9468.83080967,254830.37791641
"192",2017-11-08 01:48:48,810093,810094,810251,0.3,0.01190129,12813.30060644,9480.58880967,254830.31331275
"193",2017-11-08 01:48:49,810093,810094,810251,0.9,0.02380258,12815.19860644,9493.21471046,254830.09674293
"194",2017-11-08 01:48:50,810093,810094,810251,0.9,0.02380258,12812.42010656,9488.20461091,254828.89674293
"195",2017-11-08 01:48:51,810193,810095,810251,0.3,0.02380258,12807.81370656,9506.22621165,254828.57874293
"196",2017-11-08 01:48:52,810193,810095,810251,1.263,0.02380258,12801.40330509,9509.11170961,254828.06495874
"197",2017-11-08 01:48:53,810095,810096,810251,0.3,0.02380258,12812.60790607,9489.41680967,254822.14005874
"198",2017-11-08 01:48:54,810095,810096,810251,0.3,0.02380258,12831.57040705,9477.64000967,254821.12668274
"199",2017-11-08 01:48:55,810094,810095,810256,0.299,4.30510392,12815.20989183,9475.67400967,254819.56488274
"200",2017-11-08 01:48:56,810094,810097,810256,0.9492,0.14760496,12803.57710582,9457.61261121,254818.14904083
"201",2017-11-08 01:48:57,810095,810095,810256,0.8482,0.14760496,12813.40010508,9454.03761021,254816.18904083
"202",2017-11-08 01:48:58,810255,810098,810255,1.48900049,0.2131,12816.25990587,9444.12051045,254823.73900337
"203",2017-11-08 01:48:59,810108,810108,810254,5.007,0.7131,12821.78510562,9460.94851194,254817.8798323
"204",2017-11-08 01:49:00,810108,810108,810260,5.007,1.65651406,12819.09610538,9460.13541194,254811.6098323
"205",2017-11-08 01:49:01,810108,810109,810259,0.2382,0.3618,12817.28397604,9461.47721194,254807.4766323
"206",2017-11-08 01:49:02,810260,810109,810260,0.2382,1.01831406,12816.40297604,9460.47721194,254808.3766323
"207",2017-11-08 01:49:03,810260,810196,810259,0.01,0.3618,12818.52397678,9450.53751194,254807.7306323
"208",2017-11-08 01:49:04,810196,810196,810260,0.008,1.01831406,12818.28377678,9451.34571343,254807.4326323
"209",2017-11-08 01:49:05,810260,810196,810259,0.008,3.17581302,12809.39647678,9452.50321239,254796.62463134
"210",2017-11-08 01:49:06,810196,810196,810297,0.00520014,0.00542407,12810.5236779,9450.24839962,254793.6974312
"211",2017-11-08 01:49:07,810196,810196,810297,0.00520014,0.00542407,12811.1426779,9458.27839962,254783.0239312
"212",2017-11-08 01:49:08,810196,810196,810297,0.00520014,0.00542407,12803.2656779,9458.27839962,254782.6219312
"213",2017-11-08 01:49:09,810300,810300,810301,109.84457593,0.0212792,12911.85715334,9458.27297555,254779.57735527
"214",2017-11-08 01:49:10,810420,810300,810420,109.80077355,0.2797792,12909.13665121,9449.47297282,254784.50015765
"215",2017-11-08 01:49:11,810420,810301,810420,7.6,0.2757792,12928.95674179,9447.21885578,254783.39852004
"216",2017-11-08 01:49:12,810435,810434,810435,1.2751,12.8757792,12925.14735684,9434.42285578,254795.90852004
"217",2017-11-08 01:49:13,810435,810320,810435,3,6.5963792,12924.00825684,9466.65745578,254801.1419189
"218",2017-11-08 01:49:14,810321,810321,810540,0.61460064,8.5163792,12908.5118568,9454.13945652,254820.95871826
"219",2017-11-08 01:49:15,810330,810330,810540,4.878,0.7163792,12912.94905675,9452.33945901,254828.63683826
"220",2017-11-08 01:49:16,810552,810540,810552,3.2836208,0.056,12927.65667755,9454.5840798,254830.29221746
"221",2017-11-08 01:49:17,810552,810541,810552,7,0.056,12934.39577755,9450.42297881,254829.23921764
"222",2017-11-08 01:49:18,810810,810541,810810,7,0.17432407,12934.39577755,9437.42297807,254831.87921764
"223",2017-11-08 01:49:19,810541,810541,810851,6.9,2,12935.60766539,9442.73437906,254828.84981764
"224",2017-11-08 01:49:20,810850,810543,810850,7,10.01,12944.57266563,9452.36407832,254826.8978162
"225",2017-11-08 01:49:21,810543,810543,810850,6.949,10.5649,12956.19036563,9455.51127807,254825.7710162
"226",2017-11-08 01:49:22,810850,810565,810671,0.1,0.01,12955.11976318,9435.74357558,254825.0023162
"227",2017-11-08 01:49:23,810850,810566,810849,0.139,0.315,12944.53036111,9448.14557558,254824.4773162
"228",2017-11-08 01:49:24,810697,810697,810845,0.99,0.01190119,12946.52356084,9448.78128039,254823.8773162
"229",2017-11-08 01:49:25,810849,810698,810718,0.69850103,0.1,12943.46356212,9448.19518183,254823.97381517
"230",2017-11-08 01:49:26,810577,810698,810718,0.1,0.1,12936.02374132,9452.69618183,254829.71901593
"231",2017-11-08 01:49:31,810300,810301,810440,7.8245,0.0263792,12898.3389398,9455.73784711,254842.05051593
"232",2017-11-08 01:49:32,810301,810301,810380,7.4225,0.2,12905.0509398,9475.98964787,254842.55251593
"233",2017-11-08 01:49:33,810380,810360,810380,0.1,0.1,12858.83544078,9471.63934916,254847.85051593
"234",2017-11-08 01:49:34,810302,810300,810380,102.90565943,0.1,12803.40624102,9474.62034916,254845.21151593
"235",2017-11-08 01:49:35,810300,810303,810380,0.4259,0.1,12803.77164151,9473.99314916,254845.10951543
"236",2017-11-08 01:49:36,810300,810300,810400,71.69418023,8.79,12709.32316231,9484.58386996,254873.89189463
"237",2017-11-08 01:49:37,810300,810300,810400,46.53018023,8.79,12756.43226182,9490.47777021,254886.69849463
"238",2017-11-08 01:49:38,810400,810393,810400,0.01,3.288,12798.38976108,9492.94966971,254877.34096179
"239",2017-11-08 01:49:39,810305,810305,810399,3,0.139,12777.86416108,9481.42166995,254909.56286179
"240",2017-11-08 01:49:40,810148,810081,810399,0.2,0.139,12769.55118071,9481.42166995,254917.87384278
"241",2017-11-08 01:49:41,809001,809001,809593,6.29285132,93.40565943,12846.15256108,9598.88513013,254882.37574487
"242",2017-11-08 01:49:42,809001,809001,809593,4.54885132,81.29965943,12826.84583624,9593.51004653,254893.69586048
"243",2017-11-08 01:49:43,809002,809301,809415,0.1788,0.1,12824.48443845,9601.62393043,254891.89236797
"244",2017-11-08 01:49:44,809301,809301,809410,0.1198,0.16433526,12814.31243624,9589.90726569,254881.9979985
"245",2017-11-08 01:49:45,809003,809322,809405,0.01,0.005,12808.17458663,9588.24534619,254872.85343096
"246",2017-11-08 01:49:46,809405,809322,809405,0.01,0.004,12846.50558661,9612.12864187,254871.19643096
"247",2017-11-08 01:49:47,809003,809400,809405,1,0.004,12843.11558612,9600.38766217,254871.72843096
"248",2017-11-08 01:49:48,809400,809400,809404,0.9,0.139,12850.25658661,9587.22566217,254851.69973096
"249",2017-11-08 01:49:49,809593,809400,809593,0.275,64.55478057,12855.37178735,9575.94776127,254869.47373096
"250",2017-11-08 01:49:50,810099,809400,809403,0.048,0.005,12857.94148735,9508.7709807,254870.62173096
"251",2017-11-08 01:49:52,809593,809593,809903,1.30649898,0.78282,12869.19728559,9503.41320418,254866.47913096
"252",2017-11-08 01:49:53,809593,809594,809903,0.6,0.78282,12884.51688559,9501.84940471,254866.22123096
"253",2017-11-08 01:49:54,809594,809593,809903,1.30649898,0.78282,12861.83838448,9489.50840148,254866.27194897
"254",2017-11-08 01:49:55,809738,809594,809758,0.6,0.1,12858.87438473,9487.91140098,254871.0376127
"255",2017-11-08 01:49:56,809594,809594,809758,0.77,0.2,12837.48998351,9490.47710123,254871.3606527
"256",2017-11-08 01:49:57,809594,809738,809750,4.1,0.05,12837.349584,9488.16000024,254866.20427674
"257",2017-11-08 01:49:58,809750,809738,809757,4.1,7,12846.64817221,9495.57800099,254862.18510352
"258",2017-11-08 01:49:59,809738,809738,809756,3.4797,0.68,12857.11237245,9498.01910178,254862.32710327
"259",2017-11-08 01:50:00,809738,809738,809752,0.2164,0.005,12844.24907196,9510.33230317,254853.43720335
"260",2017-11-08 01:50:01,809757,809757,809758,1.31679936,0.4,12844.59327181,9506.76910377,254831.92200521
"261",2017-11-08 01:50:02,810398,809758,810398,0.6,2.24952124,12866.93747255,9500.05780302,254834.86993212
"262",2017-11-08 01:50:03,809757,809757,810052,0.54509936,0.01,12863.27357279,9495.04980327,254824.93691836
"263",2017-11-08 01:50:04,809757,809757,809758,5.44509936,0.19,12863.94368584,9496.40280327,254815.52691836
"264",2017-11-08 01:50:05,809757,809767,810052,2,0.01,12868.52368633,9504.11328128,254817.91951836
"265",2017-11-08 01:50:06,810068,810068,810088,0.03870073,0.1,12869.0405866,9505.61328029,254818.28381763
"266",2017-11-08 01:50:07,809767,809767,809873,1.9861,0.96129927,12848.15798465,9515.43558061,254815.12641836
"267",2017-11-08 01:50:08,809757,809757,809873,5.51309936,0.96129927,12823.79488416,9508.99958061,254814.11551836
"268",2017-11-08 01:50:09,809872,809767,809872,0.3,6.8,12828.13388367,9515.94357986,254814.27481836
"269",2017-11-08 01:50:10,809872,809839,809872,0.01,7.4,12822.96017066,9516.94028234,254807.26481836
"270",2017-11-08 01:50:11,809872,809767,809871,1.52749898,0.6,12831.80367013,9512.84588184,254806.79881836
"271",2017-11-08 01:50:12,809872,809767,809872,1.52749898,5.25459928,12832.10927013,9516.96488162,254809.06321908
"272",2017-11-08 01:50:13,809872,809788,809871,0.0707,0.6,12856.00837111,9517.46488038,254808.99461908
"273",2017-11-08 01:50:14,809872,809788,809871,0.0707,0.6,12864.59037283,9519.26488261,254808.41237908
"274",2017-11-08 01:50:15,809767,809767,809871,1.26749898,0.6,12860.10308486,9539.26168435,254808.40598346
"275",2017-11-08 01:50:16,809767,809788,809872,0.0707,5.25459928,12865.37337283,9515.31888013,254802.19598346
"276",2017-11-08 01:50:17,809872,809767,809872,0.83719898,5.10372042,12855.29737111,9515.76800202,254792.06186232
"277",2017-11-08 01:50:18,809767,809839,809872,1.17060245,5.10372042,12852.63077458,9518.16800252,254780.4591613
"278",2017-11-08 01:50:19,809872,809839,809872,1.17060245,3.70562161,12867.0248736,9522.4923047,254777.85026123
"279",2017-11-08 01:50:20,809872,809839,809872,1.17060245,3.80562161,12883.12487433,9507.69230297,254748.05026074
"280",2017-11-08 01:50:21,809872,809839,809872,1.67060245,3.40562161,12885.75887507,9506.42430272,254746.57426074
"281",2017-11-08 01:50:22,809872,809839,809870,1.67060245,7,12884.45687507,9512.11868061,254744.73426074
"282",2017-11-08 01:50:23,809872,809839,809870,1.67060245,7,12879.16487507,9517.01868234,254744.43426074
"283",2017-11-08 01:50:24,809872,809839,809870,1.67060245,7,12868.88587486,9516.98868234,254743.13426074
"284",2017-11-08 01:50:25,809839,809839,809870,1.66760245,7,12866.79787461,9511.80068086,254743.13526074
"285",2017-11-08 01:50:26,809870,809839,809870,1.55568846,6.96,12877.86596087,9518.99068235,254733.25017473
"286",2017-11-08 01:50:27,809870,809839,809870,1.55568846,6.96,12871.93937315,9512.37868011,254731.53217473
"287",2017-11-08 01:50:28,809757,809757,809870,2.97348782,6.96,12862.33937143,9512.62268011,254737.52817567
"288",2017-11-08 01:50:29,809757,809757,809839,2.97348782,0.0465,12864.73937217,9517.4691811,254737.01717567
"289",2017-11-08 01:50:30,809757,809757,809870,0.42348782,6.96,12880.16637462,9521.0226806,254738.85105065
"290",2017-11-08 01:50:31,809757,809757,809870,0.37698782,6.96,12880.22487462,9511.39267986,254736.07455065
"291",2017-11-08 01:50:32,809401,809593,809709,0.3,0.01191419,12880.32788764,9511.7045948,254735.73875065
"292",2017-11-08 01:50:33,809593,809593,809686,0.2,0.1,12876.91028592,9515.3045953,254720.83875065
"293",2017-11-08 01:50:34,809593,809593,809685,0.18808511,7,12861.0652698,9522.66559634,254719.70409003
"294",2017-11-08 01:50:35,809593,809664,809685,0.01,7,12873.84137078,9526.21559709,254718.90266554
"295",2017-11-08 01:50:36,809593,809664,809684,0.01,0.6,12865.83867078,9527.53169709,254718.05266554
"296",2017-11-08 01:50:37,809664,809593,809684,0.18808511,0.6,12863.95537078,9529.79769758,254709.77766554
"297",2017-11-08 01:50:38,809593,809229,809684,0.01,0.6,12868.04058641,9529.40769708,254709.95575065
"298",2017-11-08 01:50:39,809684,809229,809684,0.01,0.5,12869.76258567,9519.50769609,254709.19975065
"299",2017-11-08 01:50:40,809684,809359,809684,0.28,0.5,12872.98328591,9513.53769485,254708.99975065
"300",2017-11-08 01:50:41,809214,809201,809214,0.1,0.09820094,12866.57328469,9507.49889579,254711.29154971
"301",2017-11-08 01:50:42,809214,809196,809213,3.00000123,7,12870.54528592,9518.51189604,254710.52654971
"302",2017-11-08 01:50:43,809196,809196,809213,2.99000123,7.7064,12833.24128543,9515.43499637,254711.03644971
"303",2017-11-08 01:50:44,809213,809196,809213,2.99000123,7.7054,12842.45408641,9520.23679687,254710.44254971
"304",2017-11-08 01:50:45,809213,809196,809213,1.40040123,6.49650103,12844.48114816,9518.76981413,254684.43864868
"305",2017-11-08 01:50:46,809213,809197,809213,0.1,5.28350103,12883.00894693,9516.56981338,254681.96744868
"306",2017-11-08 01:50:47,809213,809197,809213,0.1,5.28350103,12906.17144742,9520.93581388,254675.93744868
"307",2017-11-08 01:50:48,809014,809014,809213,0.005,5.28350103,12831.64744644,9553.31281427,254674.73844868
"308",2017-11-08 01:50:49,809004,809004,809213,0.275,3.63170103,12789.14164644,9542.25701352,254676.26131658
"309",2017-11-08 01:50:50,809004,809005,809213,0.8259,3.63170103,12856.82318469,9534.10891253,254674.76734152
"310",2017-11-08 01:50:51,809004,809005,809213,0.8259,3.63170103,12861.22318469,9539.08591253,254673.76734152
"311",2017-11-08 01:50:52,809212,809005,809212,0.8259,2.01439927,12832.84568567,9539.03131304,254672.80604225
"312",2017-11-08 01:50:53,809004,809002,809212,0.59,0.55549953,12826.18458518,9529.8674128,254663.81184199
"313",2017-11-08 01:50:54,809004,809133,809212,0.01,0.55549953,12850.2900864,9513.6414128,254664.41084249
"314",2017-11-08 01:50:55,809133,809133,809207,0.007,0.005,12782.26048516,9508.7747128,254653.36384249
"315",2017-11-08 01:50:56,809133,809133,809207,0.007,0.005,12822.02748589,9498.92061327,254633.36384249
"316",2017-11-08 01:50:57,809207,809133,809207,0.007,0.004,12916.90748638,9504.27511355,254621.50984249
"317",2017-11-08 01:50:58,809207,809133,809207,0.007,0.004,12907.00748589,9470.4165128,254605.95684249
"318",2017-11-08 01:50:59,809207,809133,809210,0.007,0.55549953,12912.91248589,9454.5125128,254605.82684249
"319",2017-11-08 01:51:00,809210,809006,809210,0.005,0.45549953,12902.1894854,9455.78081153,254587.90984273
"320",2017-11-08 01:51:01,809000,808957,809210,0.034,0.45549953,12899.08258567,9454.27071153,254588.4943432
"321",2017-11-08 01:51:02,808957,808956,808957,0.007,1.3145,12902.10688591,9472.27192663,254573.01834246
"322",2017-11-08 01:51:03,809209,808924,809209,0.013,5.99061463,12916.37268665,9467.66322693,254569.14634124
"323",2017-11-08 01:51:04,809209,808924,809214,0.013,0.09820094,12904.56268641,9470.58261305,254551.91834629
"324",2017-11-08 01:51:05,809209,808924,809207,0.013,0.60000099,12909.55168665,9472.91941404,254533.39694532
"325",2017-11-08 01:51:06,809209,808924,809204,0.013,0.005,12900.27168616,9470.59131329,254525.4094415
"326",2017-11-08 01:51:07,809204,808924,809040,0.013,0.01,12901.36168661,9471.835398,254507.13842493
"327",2017-11-08 01:51:08,808924,808844,809206,0.03,0.393,12889.84868759,9460.18669617,254490.82548615
"328",2017-11-08 01:51:09,808924,808904,809040,0.006,0.01,12887.69568671,9472.45059579,254473.5754859
"329",2017-11-08 01:51:10,808764,808764,808844,0.067,0.043,12882.01508671,9468.28978116,254467.00178727
"330",2017-11-08 01:51:11,808381,808381,808904,1.20000098,0.03,12880.40768524,9469.64459579,254456.2959863
"331",2017-11-08 01:51:12,808765,808765,808844,0.087,0.00136247,12878.47868598,9479.93296044,254439.53598267
"332",2017-11-08 01:51:13,808850,808844,808850,0.00136248,0.01956311,12877.60804846,9478.77304669,254412.283803
"333",2017-11-08 01:51:14,808849,808844,808849,0.00136248,1.28181463,12883.0613749,9481.60646157,254388.56980276
"334",2017-11-08 01:51:15,808381,808638,808844,0.05,0.005,12888.73877514,9471.55086082,254375.80980156
"335",2017-11-08 01:51:16,808849,808638,808849,0.05,1.27181463,12886.19862747,9469.50385933,254365.09930127
"336",2017-11-08 01:51:17,808638,808638,808847,0.049,1.26981463,12896.40852821,9469.68255834,254353.9523001
"337",2017-11-08 01:51:18,808847,808768,808847,0.01,1.26681463,12887.21216524,9469.48955834,254346.10800005
"338",2017-11-08 01:51:19,808847,808768,808846,0.01,1.5213,12882.44409119,9477.58326059,254343.92550005
"339",2017-11-08 01:51:20,808846,808768,808846,0.0058,0.8213,12874.43789119,9466.61744526,254341.68132531
"340",2017-11-08 01:51:21,808500,808500,808845,0.5,1.26201577,12873.52458996,9475.16576178,254321.78637851
"341",2017-11-08 01:51:22,808500,808500,808845,0.5,1.26201577,12872.78178898,9479.96576178,254320.96297754
"342",2017-11-08 01:51:23,808379,808501,808845,0.4483,1.30201577,12874.34728947,9469.34876103,254314.91200783
"343",2017-11-08 01:51:24,808379,808697,808844,0.01,1.1903,12892.10028996,9475.08904526,254295.48565661
"344",2017-11-08 01:51:25,808697,808697,808844,0.009,1.1903,12911.47339094,9476.46704526,254289.91865661
"345",2017-11-08 01:51:26,808844,808697,808843,0.009,1.26201577,12892.24079095,9475.94576103,254287.45138626
"346",2017-11-08 01:51:27,808843,808697,808843,0.009,1.25901577,12877.49279046,9486.10606178,254278.54338626
"347",2017-11-08 01:51:28,808843,808697,808843,0.009,1.25901577,12883.49379155,9472.50606103,254277.74338626
"348",2017-11-08 01:51:29,808843,808697,808770,0.009,0.019,12888.60789155,9472.19876103,254263.82338626
"349",2017-11-08 01:51:30,808843,808697,808770,0.009,0.019,12886.1443908,9468.93374556,254260.14338626
"350",2017-11-08 01:51:31,808751,808394,808751,4.10660024,0.47749997,12882.43338981,9465.58624603,254263.82401026
"351",2017-11-08 01:51:32,808799,808413,808750,0.60000024,0.6,12873.94218956,9482.30064753,254258.91001249
"352",2017-11-08 01:51:33,808750,808414,808750,0.431,0.7132,12886.97678981,9472.52204817,254260.76481135
"353",2017-11-08 01:51:34,808750,808415,808697,0.1,2,12890.96853797,9487.40783867,254260.21001135
"354",2017-11-08 01:51:35,808750,808450,808697,0.006,2,12890.3350855,9489.57363816,254259.70781045
"355",2017-11-08 01:51:36,808748,808450,808748,0.006,3.10000149,12891.0580855,9483.55722214,254261.31181045
"356",2017-11-08 01:51:37,808416,808416,808748,0.7638,1.90000099,12885.97048525,9476.55622109,254250.67281045
"357",2017-11-08 01:51:38,808416,808417,808557,1.3294,0.01,12887.74008525,9477.54262109,254250.36081045
"358",2017-11-08 01:51:39,808416,808417,808557,0.7364,0.01,12883.22295023,9478.54262109,254236.63081045
"359",2017-11-08 01:51:40,808399,808303,808399,0.18,3.522,12864.8434154,9476.86703563,254216.98895969
"360",2017-11-08 01:51:41,808399,808303,808399,0.18,2.1866,12863.5454154,9476.75922035,254216.30319438
"361",2017-11-08 01:51:42,808162,808162,808323,0.208,0.1,12862.74541639,9481.94073588,254215.06688461
"362",2017-11-08 01:51:43,808000,808000,808323,11.74127,0.0958,12845.71861639,9486.71653638,254223.23358479
"363",2017-11-08 01:51:44,808000,807995,808000,0.002,4.34358752,12837.60734812,9483.89040817,254225.17215481
"364",2017-11-08 01:51:45,807831,807831,808000,2.90187639,4.33778876,12826.41134664,9502.37313821,254219.67326393
"365",2017-11-08 01:51:46,807831,807829,807982,1,0.2942,12818.68947001,9501.79870816,254222.73847479
"366",2017-11-08 01:51:47,807770,807770,807981,19.4838,4.15241553,12819.83947124,9492.89650716,254225.46701707
"367",2017-11-08 01:51:48,807540,807540,807894,18.19069895,0.03,12789.41947198,9489.23230691,254260.45846068
"368",2017-11-08 01:51:49,807558,807558,807706,0.1912,0.03,12789.19067198,9496.48150691,254259.60308468
"369",2017-11-08 01:51:50,807558,807558,807706,0.1912,0.03,12791.47067198,9502.68589138,254258.95556068
"370",2017-11-08 01:51:51,807540,807540,807766,17.73069895,1.5697,12793.95947197,9508.30820691,254259.68176068
"371",2017-11-08 01:51:52,807704,807541,807704,0.96,0.5958,12784.02247371,9513.48859287,254261.11742068
"372",2017-11-08 01:51:53,807704,807540,807703,13.23069895,1.644,12782.66247272,9524.77889429,254259.05242076
"373",2017-11-08 01:51:54,807540,807540,807703,10.70708351,1.644,12781.35845837,9523.44639494,254256.09913615
"374",2017-11-08 01:51:55,807540,807540,807704,9.06928351,0.45979992,12789.38755886,9508.40389394,254258.3483164
"375",2017-11-08 01:51:56,807704,807541,807703,0.7962,0.8371,12786.45235787,9492.51739344,254257.3472164
"376",2017-11-08 01:51:57,807703,807541,807765,0.7962,0.8369,12781.65235762,9490.74639302,254253.2463404
"377",2017-11-08 01:51:58,807541,807541,807703,9.4272,0.108,12810.28335762,9481.34439252,254240.60392957
"378",2017-11-08 01:51:59,807541,807647,807703,0.01,0.108,12806.43565762,9479.74439202,254245.67867979
"379",2017-11-08 01:52:00,807703,807647,807703,0.01,0.103,12806.91665762,9505.73399169,254245.91577979
"380",2017-11-08 01:52:01,807703,807647,807703,0.01,0.103,12809.2712577,9514.20929177,254245.91377979
"381",2017-11-08 01:52:02,807703,807647,807703,0.511,0.103,12811.18705844,9508.53419144,254245.62537979
"382",2017-11-08 01:52:03,807999,807999,808000,9.14379908,5.33778876,12882.7724567,9514.42379127,254230.05081955
"383",2017-11-08 01:52:04,807540,807552,807907,15.67490296,0.428,12899.98577393,9552.85049127,254242.95327082
"384",2017-11-08 01:52:05,808846,808520,808845,0.03,1.2,12920.00086012,9540.17361327,254251.63158081
"385",2017-11-08 01:52:06,808365,807800,808365,0.01,0.57,12929.48305996,9549.87361327,254249.40934515
"386",2017-11-08 01:52:07,808845,807553,808843,1.55010008,0.60000025,12900.2066602,9536.47161402,254249.48244515
"387",2017-11-08 01:52:08,808850,807997,808364,1,0.1783,12832.88757294,9554.55845718,254247.72734712
"388",2017-11-08 01:52:09,808850,807998,808596,0.43479992,0.03,12833.08206919,9541.11434196,254247.53734712
"389",2017-11-08 01:52:10,808850,807998,808364,0.43479992,2.02,12829.13096944,9540.93144154,254248.50144712
"390",2017-11-08 01:52:11,808850,808041,808363,1,1.04520008,12831.49556944,9543.92054278,254246.40144712
"391",2017-11-08 01:52:12,808364,808041,808364,1,1.06520008,12851.97116944,9517.35814278,254247.34144712
"392",2017-11-08 01:52:13,808363,808042,808363,0.43479992,1.1109,12830.56956944,9509.40384245,254245.29490902
"393",2017-11-08 01:52:14,808042,808042,808363,0.43059992,0.8909,12830.43387043,9508.09884245,254235.44338191
"394",2017-11-08 01:52:15,808042,808041,808042,1,4.56940008,12832.31177051,9513.07824253,254230.74698183
"395",2017-11-08 01:52:16,808041,808041,808042,0.987,4.56940008,12830.68627026,9522.74734328,254230.54698183
"396",2017-11-08 01:52:17,808042,808041,808042,0.987,2.1442,12832.71967001,9514.1681422,254231.97218191
"397",2017-11-08 01:52:18,808042,808041,808042,0.767,1.92899992,12816.75826878,9510.30194436,254227.40738199
"398",2017-11-08 01:52:19,808000,807998,808000,2,4.105,12827.98796902,9517.98364543,254212.98408118
"399",2017-11-08 01:52:20,807999,807999,808000,0.99649992,4.105,12826.46900459,9516.97065941,254197.58127726
"400",2017-11-08 01:52:21,807641,807641,808000,0.0237,2.3577,12828.94420541,9514.88045991,254199.14186372
"401",2017-11-08 01:52:22,807641,807641,808000,0.0237,2.3577,12832.40420615,9511.87035867,254198.90186372
"402",2017-11-08 01:52:23,807577,807577,807999,0.502,0.8797,12832.85109815,9493.48849457,254177.68396313
"403",2017-11-08 01:52:24,807577,807577,807999,0.502,0.8797,12832.95919865,9489.17578681,254173.93096313
"404",2017-11-08 01:52:25,807577,807638,807998,0.0048,0.6,12830.06299791,9499.37678784,254175.36688713
"405",2017-11-08 01:52:26,807578,807578,807998,0.4842,0.6,12830.24599791,9498.47678784,254175.04388713
"406",2017-11-08 01:52:27,807578,807577,807998,0.497,0.6,12821.32179742,9502.54708883,254175.27008958
"407",2017-11-08 01:52:28,807998,807577,807997,0.497,1.2204,12816.13379643,9501.36328784,254175.26928958
"408",2017-11-08 01:52:29,807998,807661,807997,0.013,1.2204,12831.06969766,9488.88748709,254172.87079223
"409",2017-11-08 01:52:30,807661,807578,807800,0.9642,1,12839.10669766,9495.07688784,254170.89642702
"410",2017-11-08 01:52:31,807579,807579,807800,0.167,1,12843.81469766,9496.07688784,254171.63282702
"411",2017-11-08 01:52:32,807799,807578,807799,0.5042,1.15952443,12870.41439883,9495.52001227,254170.75500259
"412",2017-11-08 01:52:33,807799,807578,807799,0.5042,1.15752435,12870.41439883,9505.61801294,254168.70930267
"413",2017-11-08 01:52:34,807540,807528,807540,0.2,0.057508,12863.5923051,9505.20552094,254163.10509652
"414",2017-11-08 01:52:35,807500,807493,807500,21,105.944508,12851.05930461,9611.59252094,254166.73869652
"415",2017-11-08 01:52:36,807500,807493,807500,16.4,103.944508,12846.45930461,9604.79252019,254175.43699657
"416",2017-11-08 01:52:37,807500,807499,807500,1,99.939508,12845.78860609,9603.65339659,254183.35719657
"417",2017-11-08 01:52:38,807493,807494,807500,0.22,99.939508,12841.08767389,9601.53139502,254186.41939657
"418",2017-11-08 01:52:39,807500,807493,807494,6.7338,0.5,12842.58247379,9598.84859527,254200.61218548
"419",2017-11-08 01:52:40,807500,807290,807472,54.20880049,0.01,12842.75167453,9560.88479527,254257.61098548
"420",2017-11-08 01:52:41,807500,807355,807499,5,0.108,12848.47467492,9515.69129626,254307.98538548
"421",2017-11-08 01:52:42,807355,807355,807500,2.977,13.98640864,12816.29287221,9514.11329527,254312.20188604
"422",2017-11-08 01:52:43,807500,807355,807500,2.977,4.42430864,12825.21382214,9501.96519477,254320.61248676
"423",2017-11-08 01:52:44,807798,807798,807800,0.35019136,1.5,12827.67971489,9495.80718638,254327.2622954
"424",2017-11-08 01:52:48,808799,807998,808799,29.363,7.91583573,12902.43753699,9509.54207835,254347.07997351
"425",2017-11-08 01:52:50,808000,808005,808399,0.005,0.6,12871.61362784,9535.68551797,254348.20170099
"426",2017-11-08 01:52:51,808399,808005,808374,0.005,0.01,12871.61362784,9540.3655202,254348.33170099
"427",2017-11-08 01:52:52,808399,808000,808374,0.0158,0.01,12875.69142883,9546.76199633,254349.38670099
"428",2017-11-08 01:52:53,807998,807990,808400,0.18541241,5.81817252,12852.78112759,9550.31747226,254361.16460099
"429",2017-11-08 01:52:54,807998,808018,808367,3,0.25,12852.98981494,9525.95727176,254361.13253099
"430",2017-11-08 01:52:55,808018,808018,808367,2.5985,0.2878,12864.90821591,9518.56927181,254362.33103099
"431",2017-11-08 01:52:56,808418,808418,808443,7.10402748,0.0035,12856.28424315,9516.84880153,254369.87700351
"432",2017-11-08 01:52:57,808418,808419,808443,0.6,0.0035,12872.8003424,9517.51512416,254370.14200351
"433",2017-11-08 01:52:58,808418,808418,808450,5.37402748,0.02,12857.72874339,9518.2103045,254371.34200351
"434",2017-11-08 01:52:59,808999,808023,808999,0.005,5.82290348,12836.83852234,9502.95920277,254381.74200351
"435",2017-11-08 01:53:00,808999,808150,808998,0.5,0.6,12838.93852283,9507.75920178,254380.74200351
"436",2017-11-08 01:53:01,808151,808151,808399,1.9854,0.25,12839.14592333,9521.65400228,254381.09891112
"437",2017-11-08 01:53:02,808151,808152,808399,4.20000196,0.6,12838.07652406,9530.41670153,254378.81904002
"438",2017-11-08 01:53:03,808400,808152,808400,1.80000172,13.1035,12845.49702481,9529.20582242,254381.14299849
"439",2017-11-08 01:53:04,808390,808300,808390,0.01,4.979,12848.16655988,9533.29549381,254380.91169849
"440",2017-11-08 01:53:05,808300,808300,808390,0.00799992,4.953,12853.2454599,9529.17899356,254377.10599857
"441",2017-11-08 01:53:06,808390,808300,808390,0.00799992,4.253,12831.89645941,9540.67899356,254370.80599857
"442",2017-11-08 01:53:07,808390,808301,808385,0.108,0.005,12854.55245941,9543.55899381,254370.28572279
"443",2017-11-08 01:53:08,808390,808301,808385,0.108,0.005,12860.05245917,9544.73099381,254364.39636175
"444",2017-11-08 01:53:09,808400,808390,808400,0.4499,9.1035,12864.64045965,9542.08255905,254370.92491479
"445",2017-11-08 01:53:10,808400,808300,808353,2.00799992,0.08,12861.10455941,9546.76202994,254374.14211426
"446",2017-11-08 01:53:11,808301,808301,808353,1.1958,0.07,12852.59275818,9549.14443167,254354.81846032
"447",2017-11-08 01:53:12,808400,808301,808400,1.1958,4.6796,12848.43275769,9546.53673142,254344.40301426
"448",2017-11-08 01:53:13,808400,808301,808400,1.1958,3.6034,12845.23075793,9535.49053142,254345.47921426
"449",2017-11-08 01:53:14,808399,808400,808549,1.73,0.01,12803.62675919,9532.88713142,254344.28331418
"450",2017-11-08 01:53:15,808400,808400,808549,1.72280095,0.01,12797.22155966,9535.31846053,254338.27051323
"451",2017-11-08 01:53:16,808400,808401,808549,1.20000098,0.01,12808.16606137,9557.78632795,254337.89494523
"452",2017-11-08 01:53:17,808549,808500,808850,0.01,0.14,12754.64206039,9558.4411292,254337.17946174
"453",2017-11-08 01:53:18,808549,808500,808850,0.01,0.14,12757.44336039,9552.1135292,254336.98946174
"454",2017-11-08 01:53:19,808996,808517,808995,0.568,1.24,12778.35826039,9558.59323069,254337.00123174
"455",2017-11-08 01:53:20,808517,808517,808995,0.558,1.24,12772.26936015,9557.01303099,254336.84623174
"456",2017-11-08 01:53:21,808995,808517,808994,0.552,1.1429,12791.05016162,9554.41593024,254336.3474319
"457",2017-11-08 01:53:22,808995,808522,808993,0.005,0.88,12791.86496162,9557.81493074,254328.2797319
"458",2017-11-08 01:53:26,808520,808521,808997,0.6,0.5726,12791.39366025,9542.7861295,254332.00256641
"459",2017-11-08 01:53:27,808520,808521,808997,0.6,0.5726,12784.19266025,9543.98613049,254330.80256568
"460",2017-11-08 01:53:28,808997,808522,808997,1.48,0.0726,12785.93156025,9542.88612974,254329.10256447
"461",2017-11-08 01:53:29,808999,808523,808999,0.48,0.6807,12771.47535976,9552.70613024,254327.11816447
"462",2017-11-08 01:53:30,808999,808573,808999,0.0657,0.6807,12783.78146,9563.40713024,254325.11816447
"463",2017-11-08 01:53:31,808573,808573,808999,0.0647,0.6807,12792.98426,9563.70813024,254325.09716447
"464",2017-11-08 01:53:32,808573,808528,808999,0.005,0.6807,12793.31626074,9553.71552974,254324.04516439
"465",2017-11-08 01:53:33,808573,808574,808998,0.0511,0.3805,12790.47236019,9564.09402964,254323.67906439
"466",2017-11-08 01:53:34,808574,808628,808998,0.0657,0.3805,12786.25340447,9559.29303082,254315.66786694
"467",2017-11-08 01:53:35,808574,808574,808998,0.0351,0.3805,12783.06960398,9564.09403138,254313.89876694
"468",2017-11-08 01:53:36,808574,808633,808998,0.005,0.3805,12786.84716555,9560.76203063,254313.48376694
"469",2017-11-08 01:53:37,808574,808633,808880,0.005,4.7642,12790.32757254,9557.09283063,254313.48376694
"470",2017-11-08 01:53:38,808574,808628,808880,2,4.7642,12787.1319723,9567.48983113,254312.84026694
"471",2017-11-08 01:53:39,808574,808629,808880,3.11030098,4.7642,12791.47577279,9566.98983188,254310.47812088
"472",2017-11-08 01:53:40,808574,808629,808880,3.11030098,4.7642,12781.4609723,9567.58983263,254310.47812088
"473",2017-11-08 01:53:41,808880,808629,808879,1.80000098,0.4525,12779.15067279,9567.73733293,254310.48312088
"474",2017-11-08 01:53:45,808653,808653,808870,0.01170139,2,12821.04101264,9567.38483095,254310.64982088
"475",2017-11-08 01:53:46,808653,808678,808729,0.0176,0.006,12826.99631362,9566.1908307,254310.34982088
"476",2017-11-08 01:53:47,808653,808653,808729,0.01170139,0.006,12824.40971288,9571.83953095,254310.34982088
"477",2017-11-08 01:53:51,808870,808678,808870,0.0176,1.69420024,12808.25500573,9590.01203044,254315.24812126
"478",2017-11-08 01:53:52,808678,808678,808869,0.01610093,1.0809,12820.27350789,9581.38773044,254314.40672033
"479",2017-11-08 01:53:53,808678,808629,808869,0.6559,0.58849861,12814.62300796,9574.19332905,254314.40672033
"480",2017-11-08 01:53:54,808869,808629,808869,0.6559,0.58749861,12816.77357024,9568.0432283,254312.40572125
"481",2017-11-08 01:53:55,808870,808628,808868,0.78550245,1.0875,12846.96697024,9561.33215915,254304.80762316
"482",2017-11-08 01:53:56,808867,808629,808867,0.2052,0.98129861,12851.97217048,9560.63012766,254302.74862316
"483",2017-11-08 01:53:57,808680,808629,808680,1.0179,7.99999951,12851.53556999,9555.44552726,254303.62862365
"484",2017-11-08 01:53:58,808680,808630,808679,0.8282,0.3938,12851.01586999,9558.53032844,254303.57862365
"485",2017-11-08 01:53:59,808680,808628,808680,0.78550245,5.89379951,12844.20066877,9555.29992769,254305.45722348
"486",2017-11-08 01:54:00,808680,808628,808680,0.78550245,5.06039951,12849.90160249,9555.26652719,254306.12712348
"487",2017-11-08 01:54:03,808829,808630,808829,0.3938,0.499,12845.32864103,9544.86772745,254270.2638238
"488",2017-11-08 01:54:04,808828,808630,808828,0.9938,0.6441,12843.54264029,9542.9118267,254258.7648238
"489",2017-11-08 01:54:05,808828,808630,808828,0.9938,0.6431,12845.39794103,9542.4545267,254253.7358238
"490",2017-11-08 01:54:06,808828,808680,808828,15.615399,0.6431,12857.76297775,9547.25453116,254253.1358238
"491",2017-11-08 01:54:07,808828,808681,808829,7.9938,0.499,12884.09177873,9547.14295515,254252.8232238
"492",2017-11-08 01:54:08,808828,808681,808829,7.9938,0.499,12882.29177725,9547.14295515,254252.8232238
"493",2017-11-08 01:54:09,808828,808683,808829,0.6,0.499,12881.42267921,9566.02555665,254252.6932238
"494",2017-11-08 01:54:10,808828,808683,808829,0.6,0.499,12908.22467897,9561.34475492,254252.17642508
"495",2017-11-08 01:54:11,808997,808683,808997,0.9938,0.37009836,12897.70737848,9565.14575567,254250.67742508
"496",2017-11-08 01:54:12,808998,808684,808998,0.3518,1.1403,12897.64537848,9556.61595408,254248.04742508
"497",2017-11-08 01:54:13,809023,808685,809023,0.9938,4.33413588,12899.45317676,9553.20575383,254253.04842508
"498",2017-11-08 01:54:14,809137,808685,809137,0.9938,0.16473126,12898.34067676,9547.23295383,254253.77922125
"499",2017-11-08 01:54:17,809139,808776,809139,0.479,1.848733,12890.09707602,9530.50645333,254265.78952125
"500",2017-11-08 01:54:18,809138,808777,809138,0.43719076,1.1990005,12890.92426678,9534.10545433,254265.43142125
"501",2017-11-08 01:54:21,809140,808779,809140,1.3768,46.0467335,12893.83946826,9587.54295607,254268.22782028
"502",2017-11-08 01:54:22,809140,808779,809140,1.3768,46.0467335,12893.84946826,9555.58895482,254268.22782028
"503",2017-11-08 01:54:23,809140,808780,809140,0.3938,46.0467335,12894.28926826,9559.49095582,254268.17782028
"504",2017-11-08 01:54:24,809000,809000,809139,0.069,8.604,12881.99327652,9564.46995582,254273.50482028
"505",2017-11-08 01:54:25,809139,808781,809135,0.21859538,3,12885.8856719,9559.09245458,254265.12002028
"506",2017-11-08 01:54:26,809135,808781,808800,0.61569538,0.5,12891.79277092,9559.83045458,254264.98202028
"507",2017-11-08 01:54:27,808800,808782,808800,0.7838,0.499,12892.50047141,9560.42945508,254261.90792028
"508",2017-11-08 01:54:28,808800,808776,808799,0.479,0.5372,12873.72467358,9560.46765508,254262.37692028
"509",2017-11-08 01:54:29,808783,808783,808799,7.0128,0.0392,12900.63047358,9572.16645607,254262.85482028
"510",2017-11-08 01:54:30,808783,808783,809130,7.0078,0.005,12910.03167456,9573.51325145,254262.85982028
"511",2017-11-08 01:54:31,809139,808784,809139,0.5108,12.63189293,12907.95257407,9511.6810155,254270.44532273
"512",2017-11-08 01:54:32,809139,809149,809180,20,0.1,12940.05950215,9499.04912257,254271.71721566
"513",2017-11-08 01:54:34,809300,809202,809300,0.03,0.006515,12948.06269655,9480.05463632,254278.91421566
"514",2017-11-08 01:54:35,809330,809202,809329,0.03,0.0078,12947.87269655,9473.64483607,254280.14945045
"515",2017-11-08 01:54:36,809330,809330,809374,7.20408406,0.03,12955.19686512,9456.24892038,254302.64536639
"516",2017-11-08 01:54:37,809768,809414,809768,2.5,3.89,12920.82958696,9449.08066285,254284.74536639
"517",2017-11-08 01:54:38,809768,809571,809768,0.122,2.90599992,12924.59018696,9449.73386252,254285.71836647
"518",2017-11-08 01:54:39,809668,809571,809741,0.102,0.071,12935.4421877,9447.34490921,254283.68400196
"519",2017-11-08 01:54:40,809698,809416,809698,0.6,0.014,12926.32328696,9430.72070971,254289.57250201
"520",2017-11-08 01:54:41,809698,809417,809698,7,0.013,12911.01201288,9436.65971169,254288.77350201
"521",2017-11-08 01:54:42,809698,809418,809768,0.21859538,6.17499992,12924.80370973,9440.1691107,254286.33500179
"522",2017-11-08 01:54:43,809768,809418,809768,0.21859538,1.43399992,12924.69190997,9447.94811318,254291.26290179
"523",2017-11-08 01:54:44,809417,809419,809768,0.8614,1.43399992,12917.07471385,9448.04811318,254296.03380179
"524",2017-11-08 01:54:45,809768,809420,809743,8.1134,0.495,12927.87471435,9453.75761318,254303.12132564
"525",2017-11-08 01:54:46,809420,809420,809743,1.3934,0.495,12916.07719837,9464.66661343,254308.12132564
"526",2017-11-08 01:54:47,809743,809421,809743,0.6,0.493,12916.56229837,9460.66761145,254308.12152564
"527",2017-11-08 01:54:48,808889,808889,809556,1.73750123,0.01,12903.56229837,9468.77661145,254320.33882564
"528",2017-11-08 01:54:49,809556,809140,809556,0.22,0.009,12896.399128,9480.86871169,254320.33882564
"529",2017-11-08 01:54:50,809743,809140,809743,0.22,0.02,12888.771729,9475.9867107,254321.31523683
"530",2017-11-08 01:54:51,808890,808890,809250,0.40932196,0.02,12891.17705145,9465.08234643,254326.1727812
"531",2017-11-08 01:54:52,807528,807811,809250,4.80000024,0.02,12871.4270512,9466.77304792,254325.3727812
"532",2017-11-08 01:54:53,807990,807990,808748,0.15205606,0.03,12882.17043829,9446.92700655,254313.89287998
"533",2017-11-08 01:54:54,808892,808892,808937,1.2877,0.014,12879.69074566,9449.29668621,254317.90059591
"534",2017-11-08 01:54:55,808892,808892,808992,1.2257,1.06413999,12886.4067295,9449.31962892,254320.15695271
"535",2017-11-08 01:54:56,808991,808394,808991,0.01,2.2065,12888.43702877,9453.03142843,254320.16335592
"536",2017-11-08 01:54:57,807992,808400,808990,0.02,7,12884.80305243,9465.01742843,254319.91335592
"537",2017-11-08 01:54:58,807992,808400,808450,0.02,0.02,12880.25291219,9455.73942768,254320.36721634
"538",2017-11-08 01:54:59,807992,808405,808450,0.0626,0.02,12911.88851318,9468.58000755,254319.90544131
"539",2017-11-08 01:55:00,808450,808405,808450,0.0426,0.0158,12911.97351318,9459.67160755,254320.61464131
"540",2017-11-08 01:55:01,808500,808500,808935,5.88428406,0.014,12917.81679724,9460.1758078,254321.64544131
"541",2017-11-08 01:55:02,808933,808500,808934,5.82168406,7,12918.59219725,9465.7058073,254321.48074131
"542",2017-11-08 01:55:03,808708,808500,808708,3.32568406,0.206,12926.91319898,9447.76080679,254322.48384158
"543",2017-11-08 01:55:04,808708,808500,808708,3.30368406,0.204,12921.78859799,9445.68380594,254319.11434204
"544",2017-11-08 01:55:05,808930,808500,808930,1.4194831,6.999,12934.73439752,9452.43750693,254319.4452439
"545",2017-11-08 01:55:06,808930,808500,808930,1.4194831,6.898,12931.13439678,9451.25236679,254318.43364702
"546",2017-11-08 01:55:07,808500,808500,808819,1.0194831,0.189,12920.70056415,9459.04176779,254315.23264508
"547",2017-11-08 01:55:08,808819,808501,808819,7,0.18600122,12928.05112643,9449.05876851,254313.3295458
"548",2017-11-08 01:55:09,808819,808684,808819,0.01,0.18500122,12924.80856642,9459.40756984,254307.2795458
"549",2017-11-08 01:55:10,808819,808684,808819,0.01,0.18500122,12922.00056642,9458.13356984,254306.58194711
"550",2017-11-08 01:55:11,808819,808684,808818,0.01,7.3,12929.75112796,9457.69966934,254305.77649529
"551",2017-11-08 01:55:13,808701,808523,808701,0.0057,0.438,12930.93098159,9451.32470616,254263.05068243
"552",2017-11-08 01:55:14,808523,808523,808701,0.0057,0.439,12930.87868159,9451.32570616,254263.54968243
"553",2017-11-08 01:55:15,808878,808501,808699,0.60000049,7,12929.56368134,9455.03502306,254262.97066651
"554",2017-11-08 01:55:16,808878,808266,808699,0.439,7,12929.65038085,9460.24502256,254255.80916651
"555",2017-11-08 01:55:17,808699,808266,808699,0.439,6.81413999,12918.65238085,9466.3973633,254251.76502751
"556",2017-11-08 01:55:18,808698,808266,808698,0.439,1.7552,12921.69408085,9456.35466305,254251.41402751
"557",2017-11-08 01:55:19,808698,808266,808694,0.439,0.005,12934.27338159,9467.3596633,254249.34402751
"558",2017-11-08 01:55:21,808688,808502,808688,0.6523,1.70630043,12932.57568159,9458.97562275,254200.23542708
"559",2017-11-08 01:55:24,808502,808314,808502,0.0026,0.6471,12936.81198159,9458.43542208,254197.00137016
"560",2017-11-08 01:55:25,808502,808314,808501,0.0026,0.6,12936.81198159,9463.09542183,254196.98303007
"561",2017-11-08 01:55:26,809597,808314,808691,0.0026,1.4068,12965.68298061,9443.77172283,254209.49942907
"562",2017-11-08 01:55:27,808691,808689,808690,0.00179926,0.6,12980.76558036,9445.15972313,254207.96842907
"563",2017-11-08 01:55:28,808450,807901,808450,0.6,0.019,12971.32968036,9450.53208502,254210.50162907
"564",2017-11-08 01:55:29,808686,808508,808686,1.232,0.004,12972.39922738,9458.20028627,254206.76942907
"565",2017-11-08 01:55:30,808509,808509,808686,0.5,0.004,12974.35922738,9460.70028652,254206.85842907
"566",2017-11-08 01:55:31,808508,808509,808686,0.6,0.004,12963.99622689,9449.34708527,254207.73729562
"567",2017-11-08 01:55:32,808686,808509,808686,0.6,0.4769,12977.50022738,9450.84998577,254207.51559562
"568",2017-11-08 01:55:33,808686,808409,808685,1,0.6,12980.31802812,9450.86998478,254207.42379562
"569",2017-11-08 01:55:34,808685,808410,808685,7,0.599,12986.91102812,9447.78745655,254207.42479562
"570",2017-11-08 01:55:35,808410,808410,808575,6.81917351,0.05,12982.23565461,9451.03289329,254209.21629562
"571",2017-11-08 01:55:36,808575,808411,808573,0.6,0.01,12978.21265412,9450.08259378,254201.74439903
"572",2017-11-08 01:55:37,808411,808411,808573,0.2,0.008,12995.94404338,9446.84829476,254202.14639903
"573",2017-11-08 01:55:38,808573,808409,808573,1,0.0038,13001.43884338,9451.97619551,254195.74867341
"574",2017-11-08 01:55:39,808573,808410,808573,0.2,0.0038,12995.85124338,9455.26229576,254194.65287354
"575",2017-11-08 01:55:40,808573,808410,808511,0.2,0.006,12993.51884338,9451.95289526,254184.58187341
"576",2017-11-08 01:55:41,808573,808410,808511,0.2,0.006,12991.7682811,9454.95006951,254180.55417341
"577",2017-11-08 01:55:42,808573,808410,808511,0.2,0.006,12984.1692812,9465.76807149,254180.42737341
"578",2017-11-08 01:55:43,808511,808410,808511,0.2,0.005,12982.45928095,9455.73707,254180.49187341
"579",2017-11-08 01:55:44,808511,808410,808511,0.2,0.005,12982.35428095,9466.26006951,254177.56197341
"580",2017-11-08 01:55:45,808511,808410,808461,0.2,0.011,12957.39528095,9489.00206951,254171.44697341
"581",2017-11-08 01:55:47,808100,808172,808461,0.0057,0.011,12963.64398144,9516.31137001,254173.08417385
"582",2017-11-08 01:55:48,808100,808172,808461,0.0057,0.011,12966.66678144,9511.80937026,254168.63007385
"583",2017-11-08 01:55:49,808461,808305,808461,0.01,0.009,12982.64808168,9503.85787026,254168.61207385
"584",2017-11-08 01:55:50,808102,808102,808461,2.16900032,0.007,12975.20308275,9484.86286951,254163.94897177
"585",2017-11-08 01:55:51,808102,808103,808461,1.258,0.007,12974.85108325,9470.10586579,254162.86707106
"586",2017-11-08 01:55:52,808461,808104,808461,0.60000074,0.006,12977.86664627,9503.88116654,254157.37907106
"587",2017-11-08 01:55:53,808461,808104,808461,0.60000074,0.005,12977.78364627,9499.21795178,254149.45797034
"588",2017-11-08 01:55:54,808461,808109,808461,0.005,0.005,12969.44808276,9506.32361014,254148.34927034
"589",2017-11-08 01:55:55,808461,808461,808509,0.77782,0.00199998,12986.4459035,9513.98861039,254146.78527034
"590",2017-11-08 01:55:56,808461,808461,808509,0.42352,0.00199998,12987.69430268,9512.24716751,254144.1381064
"591",2017-11-08 01:55:57,808461,808461,808509,0.42352,0.00199998,12978.67430218,9512.21416709,254143.4186064
"592",2017-11-08 01:56:00,808799,808461,808799,0.12142,0.03174767,12985.85560243,9527.56216907,254143.02480618
"593",2017-11-08 01:56:01,808460,808103,808460,1.5181,6.85858,12971.76752791,9529.34620048,254144.16622618
"594",2017-11-08 01:56:02,808104,808104,808460,1.10570024,6.85858,12976.41922765,9526.30820108,254143.01079522
"595",2017-11-08 01:56:03,808460,808175,808459,0.0057,0.0274,13006.32492903,9533.25732099,254142.02152572
"596",2017-11-08 01:56:04,808460,808149,808459,1.584,0.0274,13007.13130254,9531.29632193,254140.31152572
"597",2017-11-08 01:56:05,808460,808149,808459,1.584,0.0274,13008.25030328,9532.51032268,254140.31052572
"598",2017-11-08 01:56:06,808460,808351,808949,0.05,7.0275,13004.70940254,9539.49042193,254140.31052572
"599",2017-11-08 01:56:07,808460,808351,808948,0.05,3.00000371,12995.03710205,9536.54042465,254140.31052572
"600",2017-11-08 01:56:08,808947,808394,808569,0.0057,0.05,13003.48330354,9539.24192243,254137.31152572
